1642 2813
900 102 952 140 34

808 237 881 276 441
894 237 914 275 f
939 249 1045 288 seqq.

363 328 386 381 ἦ
412 346 451 369 τε
477 329 682 381 ἀνθρώπου
710 328 815 380 ψυχὴ
843 359 852 369 .
880 358 890 369 .
916 359 925 369 .
954 327 1024 378 οὐχ
1049 328 1155 379 ἁπλῆ
1178 330 1236 374 τίς
1260 330 1364 369 ἐστιν
1393 359 1403 370 .
1429 361 1438 370 .
1468 361 1491 379 .,
1519 328 1602 369 ἀλλ’

238 400 366 448 ἕτερον
391 398 463 446 μὲν
491 397 567 446 ἔχὲι
593 400 635 435 τό
666 399 799 446 νοερῦν
829 397 894 435 καί
920 398 1133 447 λογιστικῦν
1153 427 1161 437 .
1179 426 1188 436 .
1206 425 1228 442 .,
1256 398 1384 449 ἕτερον
1400 398 1442 436 δὲ
1456 397 1499 435 τό
1528 416 1603 438 πα-

237 468 395 515 θητικὸν
422 465 487 503 καί
517 461 658 515 ἄλογον
688 466 752 504 καί
777 464 1015 510 πολυπλανὲς
1043 461 1279 503 καίἆτακτον
1302 464 1341 509 ἐξ
1366 461 1504 503 ἑαυτοῦ
1520 466 1603 504 ἐπι-

239 532 399 577 στασίας
437 530 626 578 δεόμενον·
675 527 720 570 οὗ
766 529 884 567 πάλιν
934 531 1019 580 διχῆ
1054 531 1323 580 μεριζομένου,
1366 530 1408 569 τὸ
1441 533 1512 582 μὲν
1547 530 1607 571 ἀεὶ

240 601 458 646 σωματικὸν
485 600 664 655 κξκληται
689 599 920 647 ἐπιθυμοῦν,
942 601 984 635 τὸ
1011 597 1052 636 δὲ
1080 595 1162 636 ἔστι
1181 599 1252 646 μὲν
1270 592 1428 651 ᾗτούτῳ
1455 613 1605 650 προςτι-

239 664 414 714 θέμενον,
443 665 525 704 ἔστι
553 666 593 704 δὲ
622 661 644 718 ᾖ
680 667 732 716 τῷ
761 667 934 718 λογισμῷ
961 665 1126 714 παρέχον
1154 664 1264 713 ἰσχὺν
1301 665 1366 703 ἐπὶ
1395 664 1517 718 τούτῳ
1545 666 1608 704 καὶ

241 731 412 781 δύναμιν,
440 733 652 783 θυμοειδές·
681 730 927 770 ἀποδείκνυσι
963 733 1003 770 δὲ
1030 728 1097 782 τὴν
1134 731 1324 782 διαφορὰν
1358 731 1527 781 μάλιστα
1561 735 1606 785 τῇ

240 801 309 837 roi
339 799 582 848 λογιζομένου
608 800 674 837 καί
699 799 932 848 φρονοῦντος
960 791 1156 845 ἀντιβάσει
1182 798 1279 848 πρὸς
1316 798 1359 837 τὸ
1389 799 1606 845 ἐπιθυμοῦν

242 866 308 903 καί
334 864 588 914 θυμούμενον,

366 959 541 998 Primum
565 961 655 997 ante
683 957 929 1008 ἐπιστασίας,
962 959 1065 1011 quod
1105 960 1147 997 in
1182 960 1377 1011 plerisque
1414 958 1608 998 codicibus

242 1027 397 1066 videtur
422 1027 554 1066 nescio
582 1025 775 1078 quomodo
802 1025 1053 1075 intercidisse,
1091 1027 1156 1065 καί
1179 1030 1223 1065 ut
1249 1027 1464 1066 inseramus
1499 1026 1609 1078 poly-

244 1095 400 1146 syndeti
425 1095 533 1146 leges
559 1094 769 1145 postulant.
823 1093 871 1132 In
898 1093 1147 1144 sequentibus
1183 1094 1395 1144 ἐπιθυμοῦν
1429 1093 1478 1132 ab
1510 1093 1609 1145 opti-

243 1162 316 1201 mis
344 1161 536 1201 codicibus
564 1161 686 1212 abest,
715 1174 790 1213 quo
820 1173 905 1200 cum
934 1173 1014 1201 nou
1039 1161 1230 1213 possimus
1258 1174 1401 1213 carere,
1428 1161 1611 1201 Bensele-

247 1243 313 1268 rus
348 1230 477 1268 hiatus
517 1241 645 1278 causa,
678 1227 781 1279 quod
808 1227 1027 1280 Stephanus
1055 1227 1216 1267 dederat
1249 1231 1426 1279 κέκληται
1461 1226 1503 1266 τὸ
1530 1230 1610 1267 ἐπι-

247 1298 399 1345 θυμοῢν
434 1295 582 1336 censuit
624 1294 926 1344 restituendum,
967 1294 1113 1334 addens
1149 1294 1362 1335 desiderari
1397 1295 1613 1346 articulum,

250 1363 340 1414 quia
368 1363 580 1411 ἐπιθυμοῦν
606 1374 686 1400 non
713 1362 764 1399 sit
790 1361 1024 1401 adiectivum
1050 1361 1237 1401 usitatum
1264 1362 1378 1414 quale
1404 1361 1614 1411 θυμοειδές,

250 1429 356 1468 unde
381 1429 500 1468 etiam
523 1428 563 1468 in
590 1428 841 1481 sequentibus
866 1429 947 1481 legi
970 1428 1066 1481 πρὸς
1092 1428 1133 1467 τὸ
1168 1429 1402 1479 ἐπιθυμοῦν;
1439 1428 1561 1475 Quasi
1583 1427 1615 1467 si

248 1497 303 1535 ibi
327 1510 399 1548 pro
428 1498 641 1545 ἐπιθυμοῦν
676 1499 779 1535 esset
806 1494 1019 1543 θυμοειδές,
1051 1508 1130 1534 non
1157 1495 1251 1535 item
1286 1495 1468 1535 articulus
1495 1494 1614 1534 debu-

248 1563 343 1603 isset
370 1563 483 1602 addi!
512 1562 590 1603 Sed
617 1566 750 1616 posset
769 1562 952 1603 articulus
972 1562 1012 1602 τὸ
1035 1563 1124 1604 licet
1143 1563 1237 1603 satis
1261 1563 1461 1616 langueat,
1487 1563 1617 1603 hiatus

251 1645 368 1673 causa
394 1645 417 1670 a
444 1631 654 1670 Plutarcho
689 1631 845 1671 additus
871 1631 996 1671 videri
1031 1635 1069 1670 et
1103 1631 1220 1681 ferri,
1256 1632 1297 1669 ni
1323 1632 1400 1670 alia
1426 1632 1467 1670 in
1492 1631 1619 1671 verbis

252 1698 294 1737 τό
333 1698 404 1749 μὲν
430 1696 491 1736 ἀεῖ
525 1700 743 1747 σωματικὸν
771 1697 947 1749 κέκληται
980 1698 1192 1748 ἐπιθυμοῦν
1221 1697 1472 1740 offenderent.
1533 1699 1620 1738 Iam

251 1766 350 1806 illud
373 1779 453 1805 non
479 1768 610 1818 potest
635 1778 715 1805 non
741 1765 937 1806 mirationi
963 1778 1069 1818 esse,
1097 1766 1200 1818 quod
1234 1766 1275 1804 in
1302 1766 1440 1806 ceteris
1466 1766 1620 1806 Plutar-

254 1836 348 1874 chus
375 1834 549 1873 varians:
578 1835 620 1872 τὸ
648 1834 780 1883 νοερόν
807 1833 872 1872 καὶ
898 1832 1190 1888 λογιστικὸν-τῷ
1227 1835 1493 1888 λογισμῷ-τοῦ
1521 1838 1620 1885 λογι-

255 1902 415 1950 ζομένου
444 1902 508 1939 καί
533 1901 857 1951 φρονοῦντος-τοῦ
885 1901 1104 1951 λογιστικοῦ
1131 1904 1172 1942 et
1197 1900 1274 1953 (τὸ)
1301 1901 1620 1953 θυμοειδὲς-(τὸ)

252 1966 558 2016 θυμούμενον-τὸ
577 1969 649 2016 μὲν
666 1966 876 2016 θυμοειδὲς,
895 1966 955 2006 bis
979 1967 1160 2020 deinceps
1177 1969 1321 2021 repetit
1337 1980 1472 2010 vocem
1489 1969 1622 2009 ἐπιθυ-

253 2035 364 2084 μοῦν·
417 2034 545 2086 Magis
573 2034 765 2088 displicet,
799 2035 903 2088 quod
930 2036 1027 2076 alias
1055 2040 1123 2076 aut
1150 2038 1192 2075 τᾶ
1223 2038 1438 2086 ἐπιθυμοῦν
1464 2037 1529 2076 καί
1552 2039 1622 2077 θυ-

255 2101 445 2151 μούμενον
472 2107 540 2142 aut
563 2105 605 2141 τῦ
637 2104 914 2153 ἐπιθυμητικὸν
940 2103 1005 2141 καί
1037 2106 1080 2142 τῦ
1110 2103 1311 2151 θυμοειδές
1340 2106 1511 2156 (praeter
1545 2105 1620 2144 442

257 2167 305 2207 ab
331 2169 399 2208 cfr.
426 2170 537 2208 443b
565 2173 606 2208 τὸ
636 2170 878 2219 θυμούμενον
917 2172 958 2209 ἐν
987 2171 1075 2221 ἡμῖν
1110 2172 1176 2210 καί
1201 2174 1416 2221 ἐπιθυμοῦν
1451 2175 1490 2212 et
1517 2171 1627 2210 390f

256 2238 298 2272 τό
328 2236 612 2285 ἐπιθυμητικὸν,
640 2235 720 2276 εἶτα
757 2236 822 2274 ἑπί
854 2229 977 2291 τούτῳ
1013 2239 1055 2274 τό
1083 2238 1299 2289 θυμοειδές)
1326 2237 1454 2278 dicere
1489 2238 1622 2278 solitus

257 2305 389 2342 nostro
425 2303 510 2341 loco
550 2315 690 2354 parum
717 2303 931 2356 aequabilis
965 2307 1007 2343 ιδ
1035 2305 1248 2354 ἐπιθυμοῦν
1281 2307 1321 2345 et
1354 2304 1396 2343 τὸ
1424 2304 1622 2356 θυμοειδές

258 2372 469 2412 coniunxit.
524 2371 697 2411 Maxime
724 2372 890 2424 denique
918 2371 1093 2424 offendit,
1118 2371 1222 2425 quod
1238 2372 1443 2414 Platonem
1463 2375 1618 2413 conten-
