1667 2825
810 139 861 178 26

156 230 255 269 verit
269 230 329 279 ⁶²),
364 232 496 268 nostro
523 231 609 269 loco
635 231 711 269 nisi
735 230 1015 283 neglegentiae
1046 230 1190 269 crimen
1223 231 1342 270 vellet
1380 230 1521 281 subire,

155 296 321 336 scribere
339 296 472 336 debuit
499 299 595 346 πρός
614 298 761 350 φιλημα
785 298 903 347 καλῆς
922 292 945 347 ἢ
961 297 1080 335 καλοῦ
1100 283 1253 346 διαμαχ.
1283 296 1334 342 ὥς
1353 297 1372 337 ὁ
1389 295 1522 348 Ἀγησ.

155 363 348 414 Equidem
382 376 472 402 vero
507 364 758 403 vehementer
799 376 954 413 vereor,
995 377 1046 403 ne
1082 364 1159 403 sint
1192 365 1314 404 verbn
1348 360 1372 414 ἢ
1407 365 1524 415 καλῆς

157 430 464 471 additamentum
489 430 642 471 librarii
659 435 834 473 veterum
860 431 987 483 ignari
1011 444 1173 472 morum.

278 498 407 549 Leges
443 511 464 537 e
500 499 638 550 quibus
674 500 715 538 in
741 500 951 539 Plutarcho
986 500 1114 538 hiatus
1149 500 1300 551 possint
1335 498 1524 547 excusari,

157 566 235 606 iam
262 566 489 618 exposuisse
515 566 609 605 mihi
653 566 786 607 videor
819 579 963 607 omnes.
1028 566 1131 607 Nam
1167 567 1270 621 quod
1294 567 1526 608 Benselerus

158 634 293 673 statuit
319 634 359 673 in
387 635 668 680 Quaestionum
697 649 791 675 rom.
819 648 948 686 graec.
976 639 1017 674 et
1041 636 1207 674 natural.
1236 636 1525 688 quaestionibus

157 701 363 753 propositis
389 715 534 754 paucos
562 703 628 755 qui
657 705 747 741 sunt
773 703 901 742 hiatus
934 716 1019 742 esse
1045 702 1248 754 ferendos,
1290 703 1433 756 quippe
1461 703 1526 756 qui

158 782 235 809 non
270 769 384 808 facile
419 770 617 821 potuerint
661 769 817 819 evitari,
860 769 902 808 id
936 769 1087 809 ratione
1121 774 1237 810 caret.
1309 770 1526 810 Lenissima

159 836 260 876 enim
287 836 506 876 coniectura
532 839 571 876 et
586 840 743 876 ceterae
770 839 934 888 possunt
961 837 1205 889 quaestiones
1231 837 1340 877 hiatu
1366 838 1527 890 purgari

157 916 282 956 neque
310 905 468 950 Quaest.
496 905 666 942 natural.
696 904 885 955 septimae
913 905 1004 954 (913
1015 904 1048 953 f)
1085 902 1146 941 διὰ
1171 904 1215 941 τί
1234 903 1280 941 τὰ
1314 909 1429 942 πλοῖα
1451 920 1528 953 χει-

157 973 283 1019 μῶνος
308 971 349 1008 ἐν
375 977 454 1015 τοῖς
481 975 666 1016 ποταμοῖς
685 975 777 1009 πλεῖ
792 971 964 1022 βράδιον,
993 971 1033 1007 ἐν
1062 971 1102 1008 δὲ
1129 972 1175 1021 τῇ
1202 969 1367 1021 θαλάττῃ
1387 969 1433 1008 οὖ
1458 986 1529 1007 πα-

160 1037 401 1087 ραπλησώος,·
436 1043 476 1078 et
501 1040 662 1085 Quaest.
693 1051 841 1078 roman.
871 1038 1193 1091 quadragesimae
1220 1038 1314 1089 (274
1326 1039 1366 1088 a)
1403 1038 1465 1075 διὰ
1491 1038 1535 1076 τί

158 1105 210 1154 τῷ
239 1102 334 1152 ἱερεῖ
352 1108 422 1143 τοῦ
449 1106 544 1149 Διὸς
582 1103 650 1142 οὐκ
682 1103 824 1150 ἔξεστιν
852 1106 893 1142 ἑν
923 1102 1101 1158 {uzal-9919
1130 1101 1371 1156 ἆλείφεσθαις
1397 1104 1529 1145 mede-

156 1170 219 1212 lae
247 1172 385 1225 quibus
413 1177 598 1213 sanentur
626 1173 782 1225 desunt,
810 1172 999 1226 siquidem
1026 1174 1106 1213 illic
1135 1173 1175 1212 ἓν
1201 1174 1244 1224 τῇ
1262 1172 1430 1224 θαλάττῃ
1444 1169 1528 1210 δὀὐ

159 1240 405 1279 scribendum
432 1253 582 1290 censeo,
610 1253 703 1278 cum
727 1241 798 1287 μὲν
826 1243 866 1279 et
892 1240 933 1276 δὲ
955 1241 1169 1291 particulae
1195 1253 1275 1279 non
1299 1240 1424 1278 solum
1449 1243 1528 1278 ter-

159 1306 214 1345 tio
256 1307 341 1347 loco
378 1307 483 1360 apud
518 1307 776 1347 Plutarchum
811 1307 966 1360 saepius
988 1307 1035 1358 ⁶³)
1069 1320 1204 1349 verum
1238 1307 1358 1347 etiam
1393 1311 1529 1359 quarto

160 1375 245 1414 loeo
282 1375 520 1414 collocentur
563 1378 608 1412 ut
643 1375 748 1413 609f
779 1375 881 1422 παρὰ
918 1380 998 1419 τοῖς
1038 1373 1281 1424 αἱρουμένοις
1316 1374 1357 1410 δὲ
1395 1373 1529 1419 μόνοις

162 1441 245 1492 (cfr.
264 1441 459 1493 Kruegeri
474 1441 722 1482 Griechische
737 1441 1097 1494 Sprachlehre§68‚
1112 1441 1148 1479 5.
1168 1440 1235 1492 4.),
1263 1442 1373 1480 274a
1399 1443 1530 1480 autem

161 1509 315 1549 videtur
342 1523 392 1549 ex
416 1522 462 1549 eo
491 1510 595 1561 quod
622 1511 698 1548 274
714 1509 739 1547 d
774 1510 919 1560 legitur
943 1511 997 1552 εἰς
1023 1502 1213 1556 ὕπαιθρον
1246 1506 1529 1555 ἀποδυομένους

163 1589 248 1615 esse
276 1577 316 1614 ἐν
342 1575 518 1629 ὑπαίθρῳ
553 1575 779 1627 ἆλειῖρεσθαι
805 1576 847 1616 in
872 1576 924 1622 εἰς
959 1575 1149 1625 ὕπαιθρον
1176 1573 1300 1625 ἀλείφ.
1337 1573 1529 1626 corrigen-

166 1644 269 1694 dum,
297 1645 532 1697 corruptioni
559 1645 650 1697 quia
675 1645 902 1684 insolentius
931 1647 991 1682 est
1018 1646 1058 1681 et
1085 1643 1217 1681 statim
1236 1643 1409 1694 sequitur
1423 1642 1529 1680 2740

165 1710 207 1748 τὸ
237 1715 277 1750 ἐν
304 1710 480 1765 ὑπαίθρῳ
505 1713 558 1763 μὴ
582 1712 820 1763 ἀλείφεσθαι,
848 1714 892 1750 ut
916 1709 1020 1764 quod
1046 1710 1216 1749 maxime
1244 1709 1467 1749 obnoxium.

287 1779 352 1818 Ex
379 1792 512 1820 eorum
532 1791 691 1818 numero
710 1780 892 1827 locorum,
921 1791 1017 1830 quos
1029 1777 1263 1816 Benselerus
1287 1776 1428 1826 omisit,
1455 1779 1533 1814 tres

166 1849 318 1886 tantum
344 1846 504 1886 afferam
530 1849 803 1899 praeterquam
832 1845 936 1898 quod
974 1845 1084 1884 hiatu
1119 1843 1267 1884 foedati
1309 1847 1410 1894 sunt,
1448 1843 1535 1883 aliis

167 1914 216 1954 de
250 1914 376 1953 causis
410 1914 685 1953 emendandos.
752 1914 817 1952 Ita
854 1914 958 1952 1240
989 1925 1060 1964 pro
1093 1913 1253 1963 vulgato
1291 1910 1464 1961 ἐμνήσθη
1495 1911 1536 1949 δὲ

166 1982 241 2018 τῶν
263 1980 334 2027 μὲν
365 1984 546 2025 παλαιῶν,
574 1980 820 2029 Ἀλεξάνδρου
853 1982 944 2026 μετὰ
976 1976 1094 2017 πότον
1121 1978 1243 2017 πολὺν
1267 1976 1537 2025 αἰσχυνθέντος

169 2044 351 2085 ἀντειπεῖν
389 2048 530 2098 Μηδίῳ
576 2048 859 2096 παρακαλοῖντι
903 2045 968 2082 καί
1015 2045 1290 2093 καταβάλλοντι
1339 2037 1450 2087 αὖθις
1497 2043 1536 2086 ἐξ

169 2113 290 2164 ἀρχῆς
318 2112 433 2153 αὐτᾶν
469 2115 519 2160 εἰς
556 2113 721 2166 ἄκρατον
752 2112 821 2166 ἀφ’
857 2108 902 2151 οὗ
936 2110 1122 2164 διεφθάρη
1150 2124 1235 2150 esse
1271 2110 1401 2163 potius
1428 2123 1539 2147 κατα-

318 2262 374 2299 62)
408 2261 462 2292 cfr.
495 2260 532 2292 31
546 2271 563 2291 c
596 2260 614 2292 o‘
631 2260 836 2302 Ἀγησίλαος
873 2257 941 2299 οιίχ
973 2257 1165 2298 ὑπέμεινεν
1199 2256 1268 2286 tint>
1292 2254 1402 2285 καλοῦ
1435 2254 1541 2294 φιλη-

171 2319 296 2357 θῆναι.

300 2390 358 2431 63)
380 2391 434 2422 cfr.
458 2389 547 2422 9461)
570 2389 608 2419 τό
629 2389 742 2429 μέλαν
764 2386 802 2418 δὲ
824 2386 922 2425 5380,
936 2385 1021 2424 765f,
1045 2384 1263 2418 9311—3710
1286 2383 1323 2414 ἐν
1339 2380 1542 2424 Ἑρμουπό-

171 2450 225 2485 λει
249 2447 287 2479 δὲ
308 2447 407 2487 358⁸,
428 2447 530 2486 359d,
551 2446 651 2485 5571),
676 2444 736 2479 609
748 2444 771 2476 f.
