1642 2813
778 79 829 116 28

135 170 183 209 rii
210 170 390 223 displicet
416 170 507 223 quia
532 182 616 210 mos
643 170 901 212 Plutarcheus
934 170 1116 211 addendo
1142 171 1304 212 articulo
1328 171 1500 223 refraga-

139 241 202 276 tur
230 238 316 282 (cfr.
347 239 424 276 354
438 251 474 287 a,
503 250 536 288 c,
564 237 602 289 d,
629 239 704 276 355
715 238 754 288 b,
782 251 816 288 e,
843 239 953 277 356a
980 237 1086 288 (bis),
1111 250 1144 288 c,
1171 239 1279 277 357e
1306 242 1378 278 ete.

258 321 510 360 Coniecturae
538 334 635 373 quas
662 321 894 360 Benselerus
921 320 1160 372 singulorum
1182 320 1358 367 hiatuum
1384 335 1502 362 causa

137 387 459 427 removendorum
475 389 690 440 proposuit,
715 400 847 427 omnes
865 399 1093 439 percensere
1109 388 1270 439 longum
1295 391 1365 427 est.
1402 388 1502 428 Sunt

136 468 231 507 quas
259 455 421 507 probem
448 456 558 495 novis
585 456 814 508 plerumque
838 458 1053 495 commotus
1073 456 1309 506 argumentis
1322 457 1382 507 ⁸⁶),
1403 457 1500 496 alias

135 535 251 561 sensu
263 523 309 571 ⁶⁷)
338 522 463 573 magis
493 535 609 574 quam
637 523 750 562 certis
777 522 990 561 rationibus
1013 523 1150 562 ductus
1169 522 1369 561 immutem
1387 523 1499 575 paul-

135 580 268 637 Iulum‚
297 589 338 629 in
365 590 450 629 aliis
481 589 648 644 denique
674 591 779 630 nullo
804 590 919 630 modo
955 603 1026 630 nos
1051 589 1164 631 video
1192 603 1308 642 posse
1344 591 1498 644 aequie-

138 670 254 697 scere.
308 658 462 696 Harum
491 671 512 697 e
538 671 697 698 numero
723 659 929 697 nonnullas
950 658 1012 697 hie
1037 658 1147 697 lubet
1168 660 1351 706 tractare.

703 814 777 851 756
796 813 816 851 f
837 826 942 866 seqq.

256 904 326 943 ’Ὰν
354 902 421 943 οὖν
449 905 515 944 τόν
534 904 680 955 Ἔρωτα
704 908 780 945 τῶν
805 909 1083 955 νενομισμένων
1109 910 1229 955 τιμῶν
1249 907 1502 956 ἐκβάλλωμεν,

137 972 229 1010 οὐδὲ
256 970 303 1008 τὰ
328 973 447 1024 (quod
470 973 626 1013 Duebn.
653 973 772 1023 delet)
808 976 875 1022 τῆς
900 971 1129 1024 Ἀφροδίτης
1156 972 1250 1011 κατὰ
1280 972 1411 1022 χώραν
1437 988 1501 1020 με·

135 1038 281 1079 νοῦσιν.
339 1037 439 1078 Οὗιῒέ
464 1042 535 1090 γὰρ
564 1042 664 1079 τοῦτ’
704 1039 809 1078 ἐστίν
837 1042 950 1079 εἰπεῖν
984 1037 1039 1077 ὅτι
1074 1042 1126 1092 τῷ
1148 1040 1221 1087 μὲν
1245 1038 1392 1089 ”Epona
1426 1043 1503 1077 λοι-

136 1106 346 1156 δοροῦνταί
366 1121 474 1156 τινες,
503 1106 587 1144 ἀλλ’
616 1105 817 1156 ἀπέχονται
847 1107 999 1155 ἐκείνης’
1028 1103 1113 1144 ἀλλ’
1141 1105 1214 1144 ἀπο
1242 1108 1333 1154 μιᾶς
1361 1109 1501 1156 σκηνῆς

137 1171 343 1222 ἀκούομεν.
362 1203 369 1213 .
387 1203 396 1213 .

261 1270 494 1311 Benselerus
535 1271 686 1310 censuit
728 1283 814 1310 esse
855 1269 1076 1318 ἀντέχονται
1119 1270 1241 1319 κείνης
1275 1265 1499 1322 legendum}

137 1335 341 1385 ἀπέχονται
368 1339 509 1386 ἐκεινης
545 1339 647 1377 enim
680 1338 908 1388 significare.
940 1337 1108 1385 „Veneri
1134 1351 1212 1376 non
1239 1340 1329 1376 sunt
1353 1336 1498 1376 dediti“

138 1406 178 1442 et
204 1404 440 1443 contrarium
476 1405 657 1445 debuisse
686 1405 772 1444 dici.
835 1404 939 1444 Sane
966 1404 1202 1444 eontrarium
1228 1408 1268 1444 et
1299 1402 1503 1444 dicendum

136 1474 222 1510 erat
249 1476 288 1510 et
317 1476 376 1510 est
403 1472 548 1511 dictum
583 1473 660 1510 illis
686 1472 836 1517 verbis,
874 1472 925 1510 ad
965 1484 1064 1522 quae
1098 1470 1383 1521 λοιδορούμενοι
1418 1483 1503 1510 esse

136 1538 516 1589 subintellegendum
549 1538 743 1591 quomodo
774 1538 1026 1578 Benselerum
1059 1538 1186 1590 potuit
1212 1537 1376 1589 fugere?
1401 1537 1502 1578 Reo-

136 1606 213 1646 tius
239 1606 346 1646 haud
374 1607 508 1659 paullo
534 1607 630 1646 mihi
657 1606 856 1646 offendere
881 1607 922 1646 in
946 1619 992 1646 eo
1015 1606 1161 1656 videor,
1188 1605 1291 1658 quod
1316 1618 1395 1645 non
1417 1609 1503 1646 tan-

137 1677 220 1712 tum
257 1674 377 1713 verba
411 1671 616 1722 ἀπέχονται
650 1675 791 1722 ἐκείνης
826 1673 1149 1725 praecedentibus
1186 1674 1238 1724 τῷ
1272 1673 1344 1722 μὲν
1368 1671 1504 1722 Ἔρωτι

137 1742 401 1790 λοιδοροῦνται
426 1740 665 1780 validissima
689 1742 881 1793 particula
907 1741 1155 1781 adversativa
1182 1737 1280 1780 ἀλλὰ
1305 1753 1505 1793 opponun-

135 1811 210 1857 tur,
238 1820 337 1859 quae
364 1809 645 1847 sententiarum
667 1809 809 1847 rationi
835 1821 973 1860 parum
1000 1812 1059 1847 est
1086 1812 1190 1860 apta,
1224 1820 1360 1847 verum
1384 1807 1501 1846 etiam

135 1875 327 1926 particula
362 1875 459 1915 haee
493 1875 658 1915 iteratur
690 1876 895 1916 invenuste
933 1879 972 1915 et
997 1875 1134 1928 putide
1159 1887 1317 1927 prorsus
1342 1874 1384 1913 in
1421 1877 1503 1913 tam

262 2014 319 2055 66)
341 2015 383 2046 lta
407 2025 453 2046 ex.
478 2025 523 2056 gr.
549 2015 606 2047 254
622 2015 637 2046 f
656 2013 811 2051 ἐξελάσαι
835 2015 872 2045 ἐκ
897 2016 956 2052 τῆς
978 2013 1112 2057 οἰγορᾶς
1142 2014 1195 2045 ubi
1214 2013 1394 2054 Denseletae
1418 2013 1505 2053 „for-

136 2072 235 2102 tasse“
261 2073 302 2103 ait
326 2073 383 2111 ,,ἒκ
407 2071 576 2107 delendum.
600 2071 793 2108 ἐξελαύνειν
816 2072 894 2103 enim
917 2072 1006 2103 etiam
1029 2082 1096 2103 cum
1117 2072 1251 2113 genitivo
1274 2071 1504 2112 praepositione

136 2139 197 2161 non
219 2129 328 2169 addita,
360 2131 432 2161 satis
455 2131 593 2162 conatast
630 2139 667 2161 ex
696 2139 782 2161 more
811 2130 968 2170 scriptoris
992 2130 1030 2160 ἐκ
1062 2130 1221 2161 delendum
1250 2130 1305 2162 cfr.
1331 2129 1389 2162 145
1405 2128 1435 2167 b,
1459 2139 1503 2160 ou

136 2186 204 2229 γάρ
226 2188 323 2218 ἐστιν
346 2187 502 2223 ἐξελάσαι
533 2189 593 2227 τῆς
620 2186 919 2231 γυναικωνίτιδος
939 2211 946 2219 .
962 2209 970 2219 .
987 2210 994 2219 .
1019 2188 1081 2226 τήν
1104 2188 1330 2219 πολυτέλειαν
1359 2192 1390 2218 et
1409 2186 1473 2220 268
1487 2196 1505 2217 e

138 2246 211 2276 πᾶν
234 2243 344 2285 ἄρ’ῥεν
365 2244 586 2280 ἐξελαύνουσι
609 2246 670 2284 τῆς
695 2247 823 2280 οἰκίας.

240 2326 298 2369 67)
319 2327 399 2359 unde
413 2332 444 2359 et
464 2337 558 2367 saepe
574 2327 647 2359 alias
665 2334 696 2360 et
710 2329 845 2369 inprimis
858 2329 896 2360 do
915 2329 972 2360 iui-
994 2328 1070 2360 locis
1087 2328 1230 2360 iudicium
1245 2328 1366 2368 pendet,
1390 2327 1500 2368 quibu·

138 2386 368 2426 transponendo
390 2390 438 2417 eut
459 2385 648 2417 medendum.
