1642 2813
193 618 423 671 Plutarchi
456 632 624 671 Moralia
668 633 771 684 quod
812 645 928 684 saepe
975 633 1048 671 viri
1090 633 1192 672 docti
1231 633 1432 685 conquesti

71 702 160 740 sunt
187 700 276 752 plus
311 699 412 738 iusto
451 700 628 751 neglegi,
663 712 734 751 per
768 699 907 751 viginti
945 701 1023 739 tres
1058 713 1178 739 annos
1214 700 1432 752 superiores

68 781 170 806 novo
198 767 404 818 probatum
431 771 490 806 est
526 767 768 805 documento.
822 767 1035 818 Postquam
1071 768 1174 805 enim
1198 767 1432 806 Benselerus

69 835 168 875 libro
200 834 272 884 „de
299 834 409 873 hiatu
435 834 476 873 in
503 834 752 887 scriptoribus
780 835 955 886 graecis“
986 848 1021 873 a.
1045 834 1083 874 h.
1108 848 1137 874 s.
1165 834 1262 874 XLI
1289 835 1431 887 scripto

68 904 191 942 multa
227 902 275 941 de
311 902 520 941 Plutarcho
556 916 708 954 quoque
747 903 909 953 protulit
945 903 1050 954 prius
1087 916 1165 942 non
1197 903 1354 953 audita,
1391 903 1433 942 in

73 970 178 1010 Vitis
205 970 402 1021 parallelis
431 970 523 1021 quid
547 970 598 1008 sit
626 970 674 1009 de
701 970 854 1021 placitis
883 970 965 1009 eius
994 970 1244 1009 statuendum
1270 970 1434 1010 docente

69 1037 313 1085 Sintenisio¹)
339 1049 452 1075 nemo
480 1037 628 1076 exstitit
656 1038 722 1089 qui
750 1038 912 1076 eandem
940 1051 1071 1077 curam
1096 1037 1432 1089 impenderetMo-

67 1104 224 1142 ralibus.
280 1104 383 1148 Quin
410 1104 527 1142 etiam
563 1104 645 1142 vidi
672 1105 738 1154 qui
775 1117 932 1155 prorsus
960 1108 1132 1143 tacentes
1160 1104 1209 1143 de
1234 1104 1434 1143 Benseleri

69 1171 330 1223 disputatione
358 1171 597 1210 coniecturas
633 1170 948 1210 commendarent
982 1171 1152 1221 hiatum,
1187 1172 1343 1224 qualem
1366 1172 1432 1210 ille

68 1241 272 1279 censuerat
297 1238 586 1288 removendum,
613 1238 823 1278 Plutarcho
847 1240 958 1286 ultro,
983 1240 1224 1290 intrusuras,
1261 1240 1327 1291 qui
1351 1239 1432 1279 sive

67 1307 295 1357 ignorarunt
321 1319 419 1357 quae
433 1305 664 1344 Benselerus
692 1306 740 1345 de
766 1307 841 1346 hac
866 1320 908 1346 re
930 1308 1146 1358 scripserat,
1173 1308 1254 1346 sive
1288 1307 1433 1346 refuta-

68 1374 172 1413 tione
206 1387 252 1412 ea
287 1386 372 1412 esse
398 1373 559 1423 indigna
584 1376 790 1424 putarunt,
825 1374 970 1425 pariter
1003 1378 1093 1413 sunt
1128 1374 1376 1426 vituperandi
1386 1375 1431 1424 ²).

70 1439 281 1479 Sintenisio
310 1444 441 1479 autem
466 1443 666 1491 praestare
694 1440 847 1491 dicenti,
878 1441 1145 1492 quaestionem
1170 1441 1219 1480 de
1232 1441 1434 1480 Plutarchi

68 1508 195 1546 hiatus
223 1507 396 1546 evitandi
421 1508 549 1546 studio
578 1507 723 1546 differri
749 1511 893 1558 totam,
935 1509 1058 1548 donec
1093 1512 1286 1560 apparatu
1319 1521 1434 1561 quem

68 1574 200 1614 dicunt
235 1576 367 1615 critico
393 1574 558 1614 Moralia
585 1576 664 1614 sint
693 1579 829 1615 ornata
844 1576 897 1626 ³),
929 1590 1007 1615 non
1035 1579 1094 1615 est
1128 1576 1430 1615 assentiendum.

71 1643 174 1682 Nam
201 1642 250 1682 de
274 1644 468 1682 nonnullis
497 1644 755 1694 singularibus
782 1644 877 1683 locis
906 1644 1116 1683 diiudicare
1149 1645 1240 1683 licet
1276 1644 1433 1683 difficile

70 1710 119 1749 sit
155 1723 200 1750 ac
239 1710 428 1749 lubricum
464 1710 658 1749 codicibus
698 1711 870 1750 nondum
905 1711 1081 1750 omnibus
1116 1712 1341 1763 exploratis,
1384 1711 1433 1749 de

192 1824 227 1864 1)
248 1825 316 1855 data
341 1825 397 1863 „de
427 1825 511 1854 hiatu
534 1825 563 1854 in
587 1824 737 1854 Plutarchi
760 1825 829 1855 vitis
852 1825 1001 1864 parallelis
1025 1825 1154 1864 epistola
1176 1826 1213 1856 ad
1232 1825 1432 1856 Hermannum

72 1881 253 1921 Sauppium“
294 1882 453 1912 Servestae
482 1881 709 1912 Anhaltinorum
743 1891 771 1911 a.
809 1880 889 1913 1845
909 1904 916 1918 ,
950 1892 1038 1922 quam
1074 1883 1222 1922 integram
1262 1883 1430 1914 iterandam

71 1940 188 1970 curavit
207 1940 238 1970 in
262 1945 368 1980 quarto
392 1938 545 1970 volumine
566 1939 706 1970 editionis
729 1939 861 1970 Vitarum
885 1938 1003 1978 Lipsiae
1024 1949 1050 1971 a.
1074 1939 1156 1972 1846
1180 1940 1271 1971 edito.

196 2010 230 2053 2)
251 2012 306 2042 Est
328 2012 406 2042 inter
427 2011 483 2042 hos
508 2012 542 2043 G.
566 2011 659 2049 Thilo,
683 2011 735 2052 qui
763 2022 830 2052 pag.
853 2011 893 2043 32
915 2012 1134 2043 dissertationis
1165 2022 1239 2043 suae
1271 2012 1329 2051 „de
1351 2013 1432 2043 Var-

70 2078 147 2100 rone
168 2069 319 2100 Plutarchi
348 2070 557 2109 quaestionum
581 2071 779 2101 Romanarum
801 2075 926 2100 auctore
948 2070 1133 2109 praecipuo“
1158 2070 1283 2101 Bonnae
1304 2079 1331 2103 a.
1351 2069 1433 2102 1853

71 2126 169 2157 editae
206 2127 366 2166 proposuit
395 2127 499 2159 Moral.
531 2127 626 2160 280b
656 2128 815 2168 legendum
844 2129 883 2158 ro*
913 2128 961 2167 τῷ
991 2126 1110 2157 σκύτει
1144 2128 1181 2159 ἐν
1211 2126 1291 2165 ἤθει
1324 2129 1434 2157 καθι-

71 2185 251 2215 κνεῖσθαι.

196 2256 231 2297 3)
261 2257 302 2290 cl.
332 2267 362 2288 o.
384 2257 406 2290 1.
428 2267 497 2298 pag.
528 2259 546 2288 5
581 2258 638 2297 „de
661 2257 825 2288 Moralibus
921 2267 982 2288 non
1012 2267 1127 2298 quaero
1157 2267 1217 2289 nec
1246 2261 1347 2297 potest
1367 2265 1434 2286 mea

70 2314 218 2344 sententia
240 2323 389 2355 quaerere
410 2315 468 2345 nisi
490 2316 542 2356 qui
556 2315 647 2346 novis
661 2325 697 2346 ac
711 2315 800 2346 bonis
822 2315 985 2346 instructus
1003 2315 1161 2355 praesidiis
1175 2315 1207 2346 id
1223 2313 1432 2355 aggrediatur“

71 2376 102 2401 et
122 2371 212 2402 finem
235 2372 362 2411 praefat.
384 2372 446 2408 vol.
472 2373 521 2406 lV.
543 2373 686 2404 vitarum.

1225 2429 1246 2467 1
