1642 2813
715 92 761 130 19

179 187 433 234 Quaestiones
459 196 645 224 romanae
674 187 876 224 vomantur
900 185 942 224 in
981 184 1105 223 causis
1133 180 1420 222 institutionum

59 255 255 299 tradendis
280 254 384 292 vitae
405 252 585 303 publicae
613 253 652 289 et
675 251 870 303 privatae:
898 264 1062 303 graecae
1090 249 1283 302 (inprimis
1303 259 1420 300 quae·

61 327 204 366 stiones
236 321 359 360 1-35
389 331 522 357 omnes
549 318 630 357 fere
656 319 783 357 verbis
812 320 868 363 τίς
898 318 935 367 ὃ,
963 319 1059 362 τίνες
1095 317 1131 357 οἱ
1157 321 1198 358 et
1232 315 1420 356 similibus

61 389 301 443 incipientes)
326 388 496 424 tractant
523 385 736 424 locutiones
764 388 803 424 et
838 385 904 435 (sit
938 386 1052 425 venia
1091 385 1235 434 verbis)
1263 383 1422 423 nomina

59 454 318 513 proverbialis.
345 451 499 490 fabellis
528 451 767 502 explicanda,
803 465 965 504 quarum
991 452 1157 503 plurima
1182 464 1274 503 pars
1302 463 1324 489 e
1350 462 1420 501 po-

61 526 132 565 etis
159 519 350 562 inferioris
379 521 419 557 et
450 520 566 556 notae
594 520 633 556 et
659 519 797 557 aetatis
834 522 987 569 sumpta
1012 519 1164 557 videtur
1174 519 1235 568 ⁴⁸).
1290 517 1422 561 Quare

61 603 146 631 cum
172 587 279 627 nulla
315 587 419 624 esset
444 584 545 622 inter
580 584 750 635 singulas
777 585 996 636 argumenti
1022 584 1253 635 similitudo,
1291 594 1421 635 neque

63 660 102 698 in
128 659 274 696 certum
299 653 472 692 ordinem
498 655 680 703 poterant
707 653 859 704 disponi
894 666 1020 705 neque
1054 665 1219 705 usquam
1254 653 1297 690 δὲ
1329 664 1421 703 par-

62 725 180 765 ticula
216 721 369 760 annecti
395 723 552 771 praeter
578 732 696 758 unam
723 721 786 771 48,
815 722 905 760 ante
932 733 1048 773 quam
1075 720 1249 773 quaestio
1285 718 1420 758 similis

63 789 279 843 argumenti
320 801 398 827 non
432 787 509 825 alia
542 787 695 826 videtur
726 788 873 827 ratione
907 789 1149 828 intercidisse
1193 800 1310 838 quam
1345 799 1424 838 qua

65 858 331 912 quaestionum
360 855 409 892 56
439 857 477 892 et
507 855 555 891 25
583 857 721 909 partes.
750 854 902 905 aliquae
930 867 953 891 a
979 854 1145 892 librariis
1172 854 1279 892 haud
1306 854 1424 892 dubie

64 929 151 966 sunt
184 921 480 976 praetermissae
516 923 554 959 et
589 924 674 960 octo
712 921 956 972 quaestiones
990 922 1187 960 naturales
1222 921 1300 959 iam
1334 923 1424 971 post

65 989 295 1040 Longolium
323 987 535 1038 perierunt.
597 987 842 1025 Naturalium
869 987 1036 1038 denique
1072 987 1339 1038 quaestionum
1364 998 1425 1024 or-

66 1059 194 1099 dinem
217 1055 344 1095 minus
372 1067 487 1106 quam
512 1067 760 1094 romanarum
786 1067 871 1094 esse
897 1055 1107 1104 turbatum,
1134 1055 1207 1093 tibi
1232 1054 1424 1106 epigram-

68 1128 173 1165 mata
208 1122 476 1174 quaestionum
504 1122 677 1160 celeriter
711 1121 928 1173 perlegenti
954 1122 1116 1173 patebit,
1153 1123 1222 1161 sed
1248 1136 1298 1162 ne
1324 1125 1427 1164 hunc

67 1191 220 1245 quidem
245 1189 440 1239 integrum
467 1201 551 1228 esse
578 1191 784 1238 servatum,
825 1188 888 1228 vel
912 1200 990 1228 uno
1018 1190 1253 1241 quaestionis
1279 1192 1330 1229 24
1357 1204 1425 1231 ex-

69 1259 193 1310 emplo
228 1259 357 1307 potest
384 1255 662 1304 demonstrari,
701 1255 769 1293 ubi
805 1257 910 1306 (pag.
947 1257 1020 1294 917
1032 1257 1052 1294 f
1052 1266 1065 1302 )
1100 1258 1198 1296 haec
1220 1258 1427 1309 leguntur:

67 1325 144 1365 Λιιὶ
176 1325 219 1362 τί
237 1321 324 1370 περὶ
348 1321 415 1367 τὰς
443 1322 697 1372 πανσελήνους
725 1319 858 1372 ἥκιστα
881 1329 964 1369 ταῖς
990 1325 1251 1372 ἷχνοσκοπίαις
1278 1326 1428 1374 ἐπιτυγ-

63 1391 264 1438 χάνουσιν;
281 1387 336 1426 ”H
359 1389 419 1427 διὰ
446 1391 515 1438 τὴν
542 1389 740 1438 εἰρημένην
758 1390 902 1436 αἴτιἀνς
930 1389 1158 1439 δροσοβὸλοι
1178 1390 1249 1441 γὰρ
1270 1390 1309 1430 αἱ
1334 1406 1427 1429 παν-

70 1455 295 1504 σέληνοι...
325 1454 347 1505 ἦ
373 1457 445 1507 γὰρ
482 1454 621 1505 δρόσος
654 1455 815 1505 ἀσθενής
850 1457 933 1495 ἐστι
968 1456 1034 1494 καί
1066 1452 1234 1508 ἀδρανὴς
1269 1454 1427 1508 ὄμβρος,

67 1518 219 1565 ἀσθενὲς
255 1524 295 1561 δὲ
331 1523 396 1559 καί
430 1520 472 1559 τὸ
503 1524 569 1571 τῆς
607 1521 765 1570 σελήνης
798 1522 953 1571 θερμόν·
991 1521 1077 1561 ὅθεν
1113 1525 1212 1562 ἕλκει
1243 1525 1314 1572 μὲν
1351 1521 1424 1561 ἇπῦ

68 1587 133 1636 γῆς
156 1616 165 1626 .
182 1616 192 1627 .
208 1617 217 1627 .
237 1586 339 1637 ἄγειν
366 1589 406 1627 δὲ
433 1590 484 1634 εἷς
512 1586 611 1635 ὕψος
635 1590 688 1637 μὴ
723 1589 911 1638 δυναμένη
936 1591 1033 1640 μηδὲ
1060 1590 1335 1639 ἀναλαμβάνειν
1360 1607 1428 1638 με·

69 1654 207 1703 θιήσιν.
268 1654 377 1694 Nihil
404 1656 510 1694 aliud
536 1658 666 1707 potest
699 1651 719 1705 ἢ
747 1655 807 1693 διὰ
836 1660 903 1705 τὴν
930 1656 1127 1705 εἰρημένην
1159 1657 1283 1695 αἰτίαν
1310 1657 1430 1708 signi-

69 1718 182 1759 ficare
210 1735 327 1773 quam
356 1736 430 1771 „an
456 1723 504 1762 ob
533 1735 618 1761 eam
646 1735 760 1773 quam
787 1721 866 1760 iam
890 1722 972 1761 dixi
997 1735 1155 1762 causam
1168 1723 1210 1761 ?“
1247 1727 1429 1776 reeteque

71 1786 124 1825 ita
151 1788 232 1828 fere
259 1790 379 1829 habet
403 1790 528 1829 versio
554 1789 746 1841 Xylandri
769 1790 901 1827 latina.
962 1789 1086 1840 Atqui
1111 1802 1235 1841 neque
1260 1791 1301 1829 in
1328 1794 1430 1830 cete-

71 1854 122 1892 ris
163 1868 262 1906 quae
297 1857 535 1908 praecedunt
572 1855 858 1908 quaestionibus
894 1856 1097 1908 quicquam
1129 1857 1177 1897 de
1210 1870 1297 1896 rore
1333 1857 1432 1896 dixit

71 1920 144 1959 nisi
166 1927 313 1973 quaest.
343 1925 366 1963 6
394 1926 499 1975 (pag.
529 1925 602 1962 913
618 1924 666 1974 f),
695 1936 782 1962 eum
809 1924 974 1974 pingues
999 1924 1164 1962 feminas
1190 1924 1318 1977 facere
1341 1938 1430 1975 gra-

72 1986 242 2038 ciliores,
277 2002 404 2041 neque
431 1990 646 2042 quaestioni
671 1990 878 2028 vicesimae
904 1990 1041 2029 tertiae
1069 1991 1292 2043 ceteroquin
1318 1991 1434 2030 simili

71 2052 110 2091 id
136 2059 405 2106 argumentum
432 2059 503 2106 est,
532 2056 592 2095 cui
618 2055 686 2094 illa
711 2055 861 2094 ratione
887 2055 1062 2106 quaestio
1090 2057 1140 2094 24
1166 2057 1338 2108 potuerit
1362 2057 1430 2096 ad-

196 2204 254 2245 48)
278 2206 356 2244 Quid
379 2205 462 2247 quod
482 2215 662 2237 numerosae
684 2206 829 2236 orationis
851 2205 943 2236 frusta
975 2206 1004 2236 in
1028 2206 1204 2247 quibusdam
1234 2207 1306 2237 mihi
1325 2207 1432 2238 videor

73 2256 222 2292 invenlsse
239 2263 321 2294 velut
346 2263 383 2295 41
403 2264 488 2305 (pag.
504 2263 610 2304 301b)
631 2262 838 2304 (Ἡρακλῆς)
855 2265 993 2304 χαίρων
1016 2265 1063 2305 τῷ
1083 2264 1134 2295 ὑπ
1149 2266 1219 2296 ολε
1232 2267 1299 2296 ίπε
1324 2266 1431 2295 σθαι

73 2318 195 2358 γένος
227 2318 399 2361 ἀνδρὸς
431 2326 463 2353 οι
491 2321 532 2353 37
553 2320 674 2360 (299d)
697 2319 828 2361 (λίθος)
861 2322 1119 2356 νυκτελίοις
1153 2322 1295 2362 ἱεροῖς
1328 2320 1433 2354 οἶπο-

76 2376 300 2417 κείμενος.
