1642 2813
736 76 781 114 21

85 178 199 226 οὗμεν
227 169 336 221 εἶναι,
363 170 501 209 ἔστω
527 168 644 218 τύχης
672 169 737 208 καί
759 165 804 206 τὰ
828 170 895 217 τῆς
923 169 1165 218 δικαιοσυνης
1198 166 1265 205 καί
1295 169 1342 204 τὰ
1377 167 1444 216 τῆς

86 239 337 294 σωφροσύνης
364 237 429 275 καί
453 239 497 286 νὴ
525 236 588 273 δία
617 237 660 272 τὸ
691 235 859 275 κλέπτειν
885 265 895 276 .
915 266 924 275 .
944 265 953 275 .
982 235 1048 275 καί
1072 265 1082 274 .
1099 265 1108 274 .
1125 265 1134 274 .
1163 235 1229 273 καί
1253 265 1262 274 .
1284 263 1293 273 .
1315 264 1324 272 .
1359 234 1443 285 (ubi

83 312 116 351 si
141 307 325 351 voluisset
346 305 496 345 hiatum
523 303 681 355 evitare,
707 303 897 357 potuisset
923 303 1089 345 scribere
1114 302 1230 353 τύχης
1259 300 1376 351 ἔστω)
1404 305 1443 341 et

82 379 187 417 5820
213 372 333 422 ὥςπερ
363 372 452 416 εἴτις
478 369 552 409 ὑπὸ
581 372 649 408 τοῦ
663 371 799 419 βέλους
817 371 911 423 φαίη
929 374 1151 421 τετρῶσθαι,
1179 372 1231 422 μὴ
1259 370 1323 421 τῷ
1341 371 1440 418 βέλει

83 445 127 496 (‚)
154 440 245 480 ὖπῦ
272 440 341 478 τοῦ
365 437 568 489 βαλόντος,
603 439 860 489 μεμετρῆσθαι
897 437 938 476 δὲ
965 433 1013 475 αὖ
1041 436 1083 476 τὸ
1112 438 1231 489 βάρος
1260 437 1334 476 ῧπὸ
1372 438 1441 474 τοῦ

83 511 208 560 ζυγοῦ,
234 506 287 555 μὴ
316 508 376 557 τῷ
406 507 503 557 ζυγῷ
532 507 574 556 (,)
601 505 691 542 ὑπὸ
717 506 784 542 τοῦ
821 503 993 550 ἱστάντος
1014 508 1071 556 ⁵⁰).
1126 506 1253 558 Saepe
1285 506 1441 545 Plutar-

86 578 178 617 chus
204 575 314 615 hiatu
341 572 452 625 quasi
477 573 642 612 termino
668 576 726 612 est
752 585 858 623 usus,
883 585 957 625 quo
984 585 1055 612 sua
1080 573 1201 612 verba
1226 573 1276 612 ab
1303 572 1442 612 alienis

81 644 296 685 secerneret
330 641 438 680 velut
464 641 547 679 22e
582 641 761 689 κέχρηται
797 637 881 690 {fic
904 669 914 679 .
935 669 966 688 .‚
1002 641 1053 679 40
1073 640 1098 678 d
1133 639 1440 692 ἀναφθέγγεσθαι

82 709 212 763 ,,Ἧ..,
238 708 323 748 36b
351 706 396 746 τὰ
424 707 465 745 δὲ
490 708 558 744 τοῦ
587 708 778 753 Θέσπιδος
804 709 915 747 ταυτὶ
941 707 1081 760 {Oqu
1099 737 1108 746 .
1124 709 1207 758 .⁵¹)‚
1236 709 1284 746 67
1300 707 1326 745 d
1353 705 1437 750 δέω,

79 776 245 827 sinam).
299 775 429 821 Quare
464 774 621 814 minime
656 774 767 813 hiatu
801 774 963 814 offendit
1001 776 1108 815 3580
1143 774 1210 811 τοῦ
1246 775 1286 812 δὲ
1306 772 1438 822 “Ὠρου

81 844 262 895 „‘'Innov“
292 842 462 887 εἰπόντος
496 854 622 895 neque
648 844 807 894 propter
844 841 1075 881 sententiam
1112 842 1225 879 ἵππον
1261 841 1438 881 omnibus

79 911 270 952 codicibus
297 910 425 949 nitens
443 909 492 948 a’n
521 907 634 946 λύκον
669 912 728 949 est
754 921 841 947 cum
865 908 1074 949 Benselero
1100 909 1340 959 mutandum,
1376 908 1438 949 cui

78 980 196 1019 etiam
221 976 427 1017 Partheius
459 976 689 1015 novissimus
728 976 817 1015 libri
844 976 893 1016 de
917 976 1023 1015 Iside
1058 980 1097 1016 et
1124 977 1278 1016 Osiride
1312 977 1438 1016 editor

77 1048 180 1086 recte
205 1057 284 1084 non
311 1043 603 1095 obtemperavit.
659 1043 876 1082 Consimilis
901 1044 1001 1083 ratio
1027 1056 1159 1082 eorum
1178 1047 1237 1083 est
1253 1045 1435 1094 locorum,

75 1114 115 1152 in
150 1111 284 1165 quibus
317 1111 441 1151 oratio
481 1123 596 1163 quam
632 1113 774 1150 vocant
808 1110 954 1151 directa
990 1114 1078 1164 post
1111 1111 1342 1164 particulam
1379 1109 1437 1149 ὅτι

76 1180 200 1220 vocali
225 1179 361 1231 incipit
374 1179 420 1230 ⁵³)
448 1182 492 1218 ul:
517 1180 627 1218 5278.
656 1179 829 1228 λέγοντος
860 1177 919 1216 ὅτι
945 1179 981 1219 οἱ
1005 1180 1098 1229 μὲν,
1129 1180 1237 1219 1308,
1272 1180 1436 1230 λέγωμεν

77 1245 136 1287 ὅτι
163 1245 297 1298 ὥςπερ,
326 1246 459 1286 538Βο
484 1243 526 1284 τὸ
558 1244 674 1297 ῥηθὲν
788 1243 849 1286 {in
876 1244 1024 1296 ἥδιστα,
1052 1247 1161 1287 5631)
1198 1247 1293 1299 ἔφην
1332 1243 1391 1284 ὅτι
1415 1245 1434 1285 ὅ

77 1316 285 1359 Σολεὺς...
312 1315 422 1354 4190
452 1313 566 1353 εἰπεῖν
596 1311 666 1362 ὅτι,
687 1313 807 1353 (Ὀταν
835 1316 875 1353 et
906 1315 981 1353 419
1000 1314 1026 1352 d
1051 1317 1165 1354 εἰπεῖν
1188 1344 1197 1354 .
1213 1343 1223 1354 .
1239 1344 1249 1354 .
1279 1312 1349 1363 ὅτι,
1370 1312 1436 1353 ζΟ.

77 1380 303 1420 Permisisse
330 1381 404 1420 sibi
436 1381 628 1420 vocalium
655 1394 892 1432 concursum,
926 1395 1005 1422 non
1030 1382 1266 1435 quaesivisse
1303 1385 1436 1422 auctor

74 1446 225 1486 videtur
251 1448 291 1487 in
329 1447 681 1487 enumerationibus
720 1449 827 1488 velut
854 1449 935 1488 880
962 1449 1167 1500 ἐπιμελείᾳ,
1190 1448 1433 1501 χρηστότητι,

73 1513 399 1565 μεγαλοφροσύνῃ,
428 1512 710 1567 φιλανθρωπίᾳ,
738 1511 975 1567 ιεῦεργεσίαις
988 1517 1056 1566 ⁵⁴),
1091 1516 1133 1555 in
1161 1516 1298 1569 quibus
1332 1516 1435 1556 inter

194 1666 250 1705 50)
273 1672 401 1699 accentu
421 1672 454 1698 ut
473 1668 514 1698 ita
535 1667 632 1698 dicam
657 1667 812 1700 rhetorico
841 1667 936 1699 verba
961 1668 1048 1700 ἔστω
1072 1675 1103 1701 et
1125 1669 1196 1701 ύπὸ
1224 1676 1296 1702 sunt
1324 1671 1432 1702 distin-

72 1723 199 1761 guenda,
221 1724 305 1754 cuius
327 1726 388 1755 vim
411 1725 509 1764 patrio
531 1734 673 1756 sermone
695 1734 839 1765 augemus
861 1726 1008 1765 particula
1029 1727 1089 1758 und
1114 1728 1214 1758 addita
1238 1729 1341 1767 „nicht
1361 1731 1432 1760 mit

72 1779 138 1810 dem
161 1780 311 1811 Geschoss
333 1782 393 1812 und
415 1791 491 1813 von
513 1781 581 1813 dem
602 1782 817 1813 Wcrfenden.“

193 1864 252 1903 51)
275 1870 360 1895 recte
382 1865 472 1905 igitur
497 1866 559 1897 170
581 1867 680 1895 ταυτὶ
706 1864 817 1900 οὕτως
833 1865 1012 1898 Benselerus
1034 1867 1207 1898 adverbium
1228 1867 1339 1904 οὕτως
1362 1879 1431 1901 esse

72 1928 136 1950 cum
159 1927 303 1962 sequente
327 1931 418 1953 versu
440 1922 680 1964 coniungendam
702 1923 820 1955 dixerat
843 1928 874 1954 et
894 1923 1036 1964 probavit
1058 1926 1301 1957 emendationem
1324 1927 1431 1959 nueb-

70 1984 169 2008 uerus.

192 2049 247 2088 52)
272 2051 342 2084 461)
363 2061 419 2091 pro
441 2052 563 2093 vulgato
588 2054 619 2083 εἰ
641 2053 691 2094 μή
714 2064 776 2093 τις,
803 2054 882 2094 ἔφη,
906 2050 945 2095 ᾖς
968 2053 1185 2093 α’ναίσθητος
1208 2058 1268 2087 καὶ
1368 2067 1430 2090 non

70 2109 115 2135 est
137 2114 191 2136 cur
222 2117 283 2138 non
306 2108 434 2139 libenter
456 2109 671 2149 amplectamur
693 2111 846 2142 Duebneri
882 2111 1042 2142 lectionem
1064 2113 1095 2142 εἰ
1115 2112 1164 2153 μή
1187 2124 1240 2147 τις
1262 2110 1302 2155 ᾗς
1325 2114 1430 2146 αἰναί-

70 2163 208 2202 aanor,
231 2164 318 2204 εἷπε,
344 2168 471 2200 καὶ

189 2248 246 2287 53)
266 2250 305 2281 de
328 2261 387 2291 qua
409 2260 443 2282 re
465 2256 567 2282 tacere
597 2261 688 2292 snpra
709 2252 747 2283 de
769 2251 915 2292 particula
945 2251 1000 2284 ὅτι
1024 2258 1095 2285 ante
1123 2253 1261 2286 vocalem
1288 2264 1350 2286 non
1379 2256 1428 2287 fe-

67 2303 159 2335 renda
178 2304 291 2339 dicenti
312 2309 403 2340 satius
426 2308 594 2343 videbatur.

189 2377 245 2419 54)
267 2380 323 2414 cfr.
347 2380 387 2414 97
399 2391 427 2421 c,
453 2381 511 2414 169
524 2390 551 2421 e,
574 2381 675 2418 52311,
697 2380 756 2414 601
769 2391 797 2421 a,
821 2381 935 2415 1050d.
