1642 2813
781 98 829 135 25

130 193 208 239 τοῦ,
235 203 323 230 cum
348 189 390 229 in
417 188 565 228 directa
590 189 778 241 Diogenis
806 190 985 230 oratione
1007 187 1194 240 (α’φῖγμαί
1216 193 1305 240 σου)
1339 189 1488 229 hiatum

91 298 95 300 ,
128 259 276 299 nullum
301 256 420 296 fuisse
454 256 660 297 verisimile
695 257 746 296 sit
756 261 817 304 ⁶⁰).
869 257 960 297 Non
993 269 1081 297 raro
1116 261 1247 297 autem
1286 260 1487 296 consenta-

128 337 244 366 neum
271 326 330 363 est
342 323 595 362 Plutarchum
620 324 783 363 aliorum
806 317 926 364 verba
950 325 1032 364 sive
1058 325 1210 376 integra
1238 325 1320 364 sive
1337 325 1489 364 variata

128 395 183 433 ita
209 393 287 431 suis
314 391 538 441 intexuisse,
564 394 609 430 ut
633 392 707 431 nisi
736 393 770 432 si
795 392 949 433 aliunde
975 394 1143 433 monitus
1168 394 1233 444 sis,
1258 406 1337 433 non
1362 392 1488 445 possis

127 462 279 500 recocta
306 460 345 497 te
371 458 502 508 legere
529 459 725 510 suspicari.
785 461 834 499 In
858 460 1001 499 talibus
1029 460 1233 512 dupliciter
1258 461 1487 511 scriptorem

128 528 254 579 egisse
281 528 322 565 et
354 525 453 565 ratio
480 526 690 578 persuadet
715 530 754 567 et
780 527 967 580 exemplis
994 528 1224 580 quibusdam
1255 530 1386 581 potest
1421 525 1488 566 de-

127 592 340 635 monstrari.
390 593 547 632 Etenim
582 596 650 633 aut
685 595 843 644 remotis
877 608 924 634 ea
955 595 1125 634 hiatibus
1157 595 1306 635 rettulit
1320 624 1331 645 ,
1377 594 1489 647 quasi

127 661 293 703 noluerit
325 662 459 700 mutuo
499 673 541 700 se
576 673 623 700 ea
664 661 828 713 prodere
862 662 1044 702 sumsisse
1076 663 1185 701 velut
1230 662 1337 701 166f
1370 660 1489 710 πέρας

129 727 210 767 ἐστι’
244 727 313 765 τοῦ
339 725 427 774 βιόυ
463 727 577 764 πᾶσιν
611 723 825 777 ἆνθρώποις
863 727 881 767 ὅ
917 728 1080 773 θάνατος
1117 730 1320 781 descripsit
1354 741 1377 768 θ
1406 728 1488 767 De-

128 796 266 837 mosth.
304 797 399 835 orat.
435 795 483 834 de
516 807 656 834 corona
680 808 771 847 pag.
800 797 906 836 3260
943 797 1046 849 (pag.
1076 797 1152 835 258
1178 796 1331 847 Reisk.)
1369 794 1487 844 πέρας

128 863 198 912 μὲν
231 860 301 911 γὰρ
338 859 480 900 ἅπασιν
506 859 722 912 ἀνθρώποις
754 861 839 899 ἐστι’
871 864 939 899 τοῦ
966 861 1053 911 βιόυ
1081 860 1161 913 5⁶¹)
1198 861 1382 906 θάνατος,
1418 863 1488 900 aut

127 931 284 971 retinuit
309 930 436 969 hiatus
462 930 690 981 peregrinae
717 930 876 981 originis
903 930 1046 969 indicia
1071 934 1115 969 ut
1148 931 1222 970 967
1236 943 1256 969 c
1288 929 1355 968 ubi
1380 928 1487 968 Ben-

129 997 242 1038 seleri
269 997 519 1050 suspitionem
551 996 672 1037 verba
703 995 794 1042 τόξα
827 995 1007 1049 μασχάλῃ
1033 994 1187 1043 ὑποθεὶς
1202 1027 1211 1036 .
1227 1027 1236 1036 .
1253 1027 1262 1036 .
1287 1009 1372 1036 esse
1394 1009 1487 1049 poe-

127 1069 191 1105 tae
226 1065 386 1105 alicuius
420 1065 652 1104 Duebnerus
686 1077 819 1106 veram
852 1065 972 1104 fuisse
999 1065 1169 1104 editione
1208 1077 1278 1103 sua
1304 1065 1485 1106 ostendit.

125 1134 181 1175 At
204 1133 309 1173 idem
335 1133 471 1172 1002d
511 1133 561 1171 Τὸ
599 1133 691 1182 γοῦν
719 1133 804 1170 Νῦν
830 1128 967 1182 ἀμερὲς
994 1132 1065 1181 μὲν
1097 1134 1262 1172 καλεῖται
1295 1131 1360 1169 καί
1392 1129 1486 1178 ἆμέ-

128 1215 257 1251 ριστον
283 1198 362 1246 ἅμα
389 1199 430 1237 δὲ
455 1200 647 1247 πανταχοῦ
673 1199 858 1248 ἐνέστηκε,
886 1199 953 1236 καί
978 1196 1087 1237 οὐδέν
1109 1214 1146 1236 τι
1172 1201 1238 1247 τῆς
1265 1199 1487 1248 οἰκουμένης

126 1265 243 1315 μέρος
269 1265 387 1304 αὐτοῦ
415 1264 557 1314 ἔρημόν
584 1267 700 1312 ἐστιν,
726 1278 825 1318 quae
851 1265 1070 1319 philosophi
1097 1267 1258 1306 alicuius
1284 1279 1370 1306 esse
1383 1266 1487 1305 Ben-

126 1335 269 1374 selerus
294 1347 372 1374 non
397 1334 499 1373 male
526 1347 549 1374 e
575 1333 725 1373 duobus
751 1334 921 1373 hiatibus
946 1334 1024 1373 illis
1050 1334 1091 1373 in
1116 1338 1198 1374 tam
1224 1335 1333 1374 brevi
1360 1333 1486 1386 spatio

126 1402 337 1441 coniunctis
373 1402 638 1452 concluserat,
677 1413 798 1441 unum
828 1403 986 1454 praeter
1021 1414 1130 1454 spem
1168 1402 1333 1441 removit
1366 1400 1487 1441 verba

126 1468 221 1508 mire
248 1469 443 1520 corrigens
469 1470 526 1508 ita
552 1469 619 1506 καί
643 1467 757 1506 οὐθὲν
784 1466 903 1506 αὐτοῦ
922 1469 988 1517 τῆς
1016 1468 1239 1516 οἰκουμένης
1264 1467 1381 1518 μέρος
1400 1466 1487 1517 ἔρη-

125 1534 198 1584 μόν
225 1537 329 1574 ἐστιν
356 1549 473 1588 quare
500 1536 533 1575 si
560 1536 645 1588 quis
673 1531 752 1583 ἅμα
775 1536 968 1583 πανταχοῦ
994 1534 1205 1583 δ’ἐνέστηκε
1231 1535 1398 1575 scribere
1420 1548 1485 1574 ve-

124 1603 180 1652 h't,
207 1603 386 1655 equidem
413 1604 449 1644 ei
478 1617 557 1644 non
584 1603 851 1657 oppugnarim.
907 1603 1044 1656 Neque
1079 1604 1164 1642 81a
1204 1604 1299 1652 πρὸς
1334 1603 1486 1654 φίλημα

124 1671 245 1708 καλοῦ
279 1667 303 1722 ᾒ
338 1671 455 1719 καλῆς
491 1671 820 1719 διαμαχησάμενον
849 1667 900 1715 ὧς
935 1669 954 1707 ὁ
988 1669 1216 1720 Ἀγησίλαος
1262 1683 1349 1708 cum
1381 1670 1486 1709 Ben-

123 1737 245 1778 selero
281 1739 456 1790 tulerim,
500 1739 561 1779 eui
599 1738 774 1789 „videtur
885 1739 959 1779 hoc
986 1752 1037 1779 ex
1072 1738 1232 1778 historia
1268 1738 1400 1791 aliqua
1436 1736 1485 1776 de

122 1806 308 1857 Agesilao
334 1811 492 1846 narrata
519 1811 559 1846 et
585 1808 777 1846 communi
808 1821 985 1847 sermone
1012 1808 1106 1846 satis
1140 1807 1233 1846 trita
1265 1807 1485 1845 desumtum

123 1875 243 1912 esse.“
297 1873 400 1914 Nam
434 1887 684 1928 quaecunque
719 1874 768 1914 de
792 1873 866 1914 hoc
901 1876 1129 1925 argumento
1161 1873 1324 1914 historia
1357 1873 1486 1926 potuit

121 1942 288 1992 narrari,
325 1943 365 1980 in
400 1955 447 1982 ea
474 1946 542 1982 aut
574 1941 689 1986 καλός
714 1956 771 1988 τις
807 1946 875 1981 aut
899 1940 995 1991 καλή
1029 1956 1086 1985 τις
1121 1942 1229 1991 sola,
1264 1955 1343 1981 non
1369 1941 1484 1980 ambo

120 2020 199 2047 una
236 2012 447 2061 potuerunt
489 2009 792 2049 commemorari.
851 2009 904 2048 Et
937 2021 1024 2048 cum
1057 2022 1100 2048 re
1126 2022 1221 2048 vera
1254 2008 1484 2060 Agesilaum

122 2090 209 2116 cum
243 2078 403 2130 pulchro
431 2079 600 2130 quodam
634 2092 716 2119 rem
750 2078 931 2118 habuisse
957 2078 1190 2119 Plutarchus
1225 2091 1303 2118 non
1329 2079 1484 2130 ignora-

245 2196 301 2238 60)
322 2197 435 2229 Eadem
463 2197 581 2229 ratione
611 2198 723 2238 scripta
746 2207 814 2229 esse
836 2197 961 2229 dixerim
984 2196 1073 2230 38Βά
1108 2194 1156 2229 αὖ
1178 2196 1304 2236 {muninz
1336 2203 1367 2229 et
1393 2197 1483 2229 5361>

121 2253 331 2286 ἐπαινοῦντι
356 2254 495 2293 αὐτοῦς,
518 2265 596 2296 quae
617 2255 797 2287 Benselerus
819 2255 915 2287 voluit
937 2260 1063 2286 mutare.

246 2325 303 2368 61)
325 2327 363 2360 de
388 2327 598 2361 Demosthenis
625 2328 686 2361 hoc
716 2328 801 2360 hiatu
821 2327 1002 2361 Benselerus
1024 2337 1115 2370 pagg.
1142 2327 1265 2361 89—95
1296 2327 1401 2360 nescio
1424 2336 1485 2369 qua

120 2382 158 2414 ds
180 2393 270 2416 causa
293 2386 395 2417 tacuit.
