1642 2813
871 91 895 128 4

194 177 348 214 centum
377 172 506 212 allatis
535 170 803 211 demonstrari.
848 169 904 208 Ut
917 182 1020 209 *vero
1047 172 1350 209 consentaneum
1368 171 1439 215 est,
1466 168 1566 209 mul-

191 245 275 280 tum
301 240 504 279 scribendo
532 238 788 277 Plutarchum
814 238 855 275 in
883 237 966 275 dies
992 237 1181 276 maiorem
1215 237 1291 275 sibi
1319 248 1565 289 comparasse

190 308 321 347 hiatus
349 305 561 358 effugiendi
595 305 864 354 habilitatem,
900 304 958 343 ita
985 304 1294 344 animadvertere
1329 305 1423 343 mihi
1456 303 1562 344 visus

193 389 290 425 sum,
316 376 404 413 illos
430 373 632 412 Plutarchi
658 372 791 419 libros,
821 371 888 423 qui
914 372 1169 411 maturiorem
1194 372 1367 411 referunt
1400 383 1561 423 provec-

191 443 407 492 tioremque
439 443 622 488 aetatem,
659 439 866 479 verborum
901 451 1053 490 quoque
1081 439 1335 478 collocatione
1371 439 1564 478 excellere

193 509 316 548 lenius
334 508 603 559 placidiusque
621 507 776 556 fluente,
807 518 927 557 quare
945 505 1027 544 iure
1047 518 1135 544 eum
1154 505 1332 545 dictionis
1351 506 1447 545 istas
1466 505 1564 544 sale-

192 578 282 615 bras
308 587 388 613 non
409 574 612 612 admisisse
638 573 743 611 dicas
769 573 845 610 nisi
871 572 999 611 hiatus
1028 584 1146 611 causa
1172 572 1355 612 evitandi.
1391 572 1559 612 Diverso

195 655 311 682 sensu
336 641 485 680 librarii
514 640 635 680 verba
661 639 864 678 Plutarchi
899 639 1170 690 simpliciorem
1203 640 1244 678 in
1271 639 1445 679 ordinem
1479 653 1564 679 mu-

194 713 324 749 tantes
352 709 484 747 multis
511 708 606 747 locis
633 706 809 745 hiatuum
837 705 1033 744 exstitisse
1060 709 1238 746 auctores
1265 719 1289 745 a
1314 706 1425 746 nobis
1452 720 1564 746 accu-

192 777 305 816 sandi
340 778 451 825 sunt,
495 775 536 812 in
578 773 810 824 quibusdam
852 773 1047 812 laesarum
1085 773 1236 812 aurium
1269 774 1349 813 iam
1386 774 1564 825 coarguti

194 844 364 882 editione
391 841 681 891 Duebneriana,
720 853 819 891 quae
844 853 906 879 ex.
934 853 992 892 gr.
1024 841 1123 878 1018
1141 840 1189 891 b,
1225 841 1292 879 ubi
1319 842 1424 893 apud
1449 841 1564 893 Wyt-

192 910 298 949 tenb.
326 909 470 961 legitur
498 911 538 947 ἐν
568 906 677 953 ὅσαις
706 907 851 958 λέγεται
880 905 1038 957 ἡμέραις
1065 908 1110 944 τᾶ
1139 904 1358 957 ἑπτάμηνα.
1377 936 1388 948 .
1408 941 1416 949 .
1441 912 1564 947 τελεο-

192 979 399 1025 γονεῖσθαι,
436 988 570 1014 veram
596 975 703 1013 haud
740 975 857 1013 dubie
883 975 1053 1013 restituit
1079 974 1277 1025 scriptoris
1311 987 1470 1014 manum
1497 987 1564 1014 ex-

191 1043 330 1082 hibens
357 1041 514 1092 ἡμέραις
541 1042 686 1091 λέγεται
701 1042 742 1092 ⁷).

317 1110 487 1149 Gravius
514 1109 621 1148 haud
653 1109 786 1161 paullo
814 1112 1088 1160 argumentum
1121 1111 1181 1148 est
1209 1109 1386 1148 hiatuum
1411 1109 1563 1159 raritas,

194 1176 243 1216 de
272 1189 350 1228 qua
386 1179 478 1216 ante
504 1176 759 1216 Benselerum
793 1176 988 1216 neminem
1024 1175 1230 1227 quicquam
1264 1176 1461 1216 monuisse
1496 1177 1565 1217 vix

193 1245 340 1295 poteris
370 1245 464 1283 satis
492 1243 636 1294 mirari,
670 1256 757 1282 cum
784 1243 976 1294 exemptis
1003 1243 1079 1281 illis
1114 1265 1163 1271 —
1191 1246 1231 1282 et
1255 1256 1306 1282 ne
1331 1244 1373 1282 hi
1408 1244 1564 1296 quidem

191 1313 304 1350 multi
331 1314 422 1350 sunt
449 1333 498 1339 —
527 1323 623 1363 quos
652 1314 720 1350 aut
746 1324 824 1350 non
851 1311 979 1362 potuit
1004 1310 1240 1350 Plutarchus
1276 1314 1345 1350 aut
1371 1312 1485 1351 certis
1515 1312 1565 1351 de

191 1379 316 1417 causis
348 1379 474 1418 noluit
510 1379 657 1418 evitare
669 1379 699 1428 Β)
715 1407 726 1428 ,
766 1378 835 1416 vix
870 1377 987 1417 tertia
1014 1389 1168 1430 quaque
1199 1378 1347 1429 pagina
1382 1378 1563 1418 editionis

191 1446 526 1486 Francofurtanae
552 1446 697 1498 singuli
711 1449 872 1496 restent,
900 1445 1005 1497 quod
1023 1445 1088 1497 qui
1110 1446 1219 1484 casui
1241 1446 1360 1486 vellet
1377 1447 1563 1497 tribuere,

190 1514 248 1552 illi
275 1517 379 1553 certe
406 1512 596 1565 Anticyra
623 1515 776 1552 tantum
801 1525 881 1551 non
908 1513 1033 1551 omnis
1058 1515 1161 1551 esset
1189 1512 1431 1553 destinanda.
1484 1513 1563 1552 Ac-

317 1650 352 1690 7)
376 1648 470 1679 Simili
493 1649 612 1680 ratione
633 1648 748 1680 librarii
769 1648 962 1680 Plutarchum
988 1648 1047 1679 145
1065 1658 1082 1679 a
1107 1654 1305 1688 asperserunt
1326 1649 1451 1681 maculis
1474 1650 1562 1681 inso-

191 1706 351 1738 lentiorem
374 1707 582 1737 accusativum
603 1715 693 1746 quem
714 1711 825 1737 vocant
847 1706 1088 1747 consequentiae
1123 1705 1168 1739 ὥς
1192 1707 1253 1736 τὸν
1283 1705 1453 1748 θάλαμον
1477 1706 1565 1748 αὐτῇ

191 1762 445 1794 διδασκαλεῖον
469 1761 628 1798 εὔταξίας
654 1786 661 1794 .
679 1785 688 1794 .
704 1786 712 1796 .
733 1751 983 1805 γενὴσόμενον.
1002 1763 1036 1794 ‘O
1050 1761 1108 1794 δὲ.
1122 1785 1149 1795 ..
1173 1763 1202 1793 in
1225 1763 1398 1804 genetivum
1422 1774 1561 1795 corrum-

191 1826 298 1861 pentes
326 1821 372 1854 ὥς
396 1822 457 1851 τοῦ
480 1820 645 1861 θαλάμου
669 1820 755 1864 αὐτῇ
785 1819 1017 1852 διδασκαλίου
1049 1820 1126 1862 (sic)
1156 1819 1315 1856 εὕταξίας
1338 1845 1345 1854 ,
1361 1844 1393 1855 ..
1414 1830 1564 1863 γενησο-

191 1879 316 1918 μένου.
345 1878 380 1908 Ὁ
403 1877 439 1908 δὲ
463 1901 471 1909 .
490 1901 497 1908 .
515 1901 526 1911 .
548 1879 631 1909 Illum
654 1880 797 1919 genetivo
821 1889 883 1909 non
911 1879 1008 1910 solum
1029 1888 1092 1909 non
1121 1878 1324 1916 deteriorem,
1353 1883 1386 1909 ut
1416 1879 1561 1919 Wytten-

192 1934 303 1966 bachio
325 1936 407 1965 visus
431 1941 486 1974 est,
515 1936 569 1966 sed
593 1936 683 1976 longe
707 1935 926 1976 elegantiorem
958 1941 1043 1967 recte
1066 1936 1226 1966 revocavit
1259 1935 1457 1974 Duebnerus,
1487 1937 1553 1975 ipse

192 1992 274 2031 quod
296 1992 359 2023 noli
381 1993 530 2028 oblivisci,
551 1993 623 2023 nihil
644 1993 683 2024 de
704 1993 785 2024 hiatu
808 1994 995 2024 removendo
1019 1993 1201 2033 suspicatus.

320 2076 358 2114 8)
381 2075 443 2106 Hos
468 2077 520 2116 qui
541 2076 653 2106 suerint
675 2076 840 2107 ostendere
862 2077 1025 2116 praecipue
1046 2077 1255 2116 disputationis
1278 2081 1325 2107 est
1344 2081 1476 2108 nostrae.
1518 2077 1562 2108 Ne

193 2139 292 2164 tamen
321 2133 544 2164 examinaturus
574 2143 652 2174 quae
682 2134 719 2165 de
746 2134 880 2165 hiatuum
911 2143 1037 2167 numero
1060 2143 1077 2164 a
1097 2133 1188 2165 nobis
1217 2134 1373 2171 dicentur,
1403 2134 1491 2165 nimis
1520 2135 1562 2166 sis

191 2191 362 2231 impeditus,
388 2201 540 2231 apponam
562 2192 610 2223 hic
635 2185 789 2223 Sintenisii
819 2192 913 2224 verba
936 2193 1025 2232 epist.
1048 2202 1118 2233 pag.
1140 2192 1177 2225 8:
1213 2202 1291 2232 „nec
1323 2193 1441 2224 articuli
1463 2194 1562 2224 offen-

192 2250 267 2279 dunt
302 2249 400 2279 hiatus
424 2249 586 2286 facientes,
616 2258 673 2280 nec
697 2250 940 2289 praepositiones
971 2259 1029 2281 nec
1053 2251 1114 2280 καὶ
1145 2249 1291 2290 particula
1319 2259 1378 2281 nec
1399 2249 1563 2282 numeralia

192 2316 249 2337 nec
272 2316 350 2348 quae
373 2317 462 2337 unam
484 2307 642 2338 notionem
659 2307 793 2338 efficiunt
816 2318 874 2339 nec
896 2308 1027 2349 denique
1049 2308 1078 2338 in
1101 2308 1210 2349 quibus
1232 2308 1441 2339 intercedente
1462 2309 1561 2340 inter-

192 2365 355 2404 punctione
379 2374 471 2404 pausa
495 2365 557 2394 fit.“
