1642 2813
692 88 740 126 35

41 182 96 221 dit
121 177 180 216 ἀεὶ
206 177 420 226 σωματικὸν
447 180 669 231 appellasse
701 184 742 218 τὸ
773 181 1004 230 ἐπιθυμοῦν,
1039 195 1126 223 cum
1150 183 1253 225 infra
1278 185 1333 224 ita
1359 199 1399 225 se

38 259 120 288 rem
151 244 296 284 habere
330 249 449 296 neget
481 246 530 285 de
563 247 782 287 Aristotele
808 260 995 288 narrans:
1031 251 1083 302 τῷ
1114 251 1247 299 μέντοι
1281 254 1401 303 παθη-

39 312 127 365 τικῷ
154 310 277 363 (cuius
304 323 395 363 pars
421 315 480 350 est
505 311 546 351 τὸ
583 314 817 366 ἐπιθυμοῦν)
858 314 924 352 καί
951 312 1077 369 ἀλόγῳ
1110 316 1225 365 μέχρι
1261 317 1401 363 παντὸς

40 379 89 425 ὡς
115 377 359 428 διαφέροντος
385 378 454 415 τοῦ
483 382 698 428 λογιστικοῦ
722 376 918 430 χρώμενος
947 383 1150 421 διετέλεσεν
1177 384 1401 434 (Platonem

41 449 221 495 secutus),
253 442 321 493 οὐχ
349 442 407 482 ὅτι
431 445 622 491 παντελῶς
650 442 789 496 ἄλογόν
817 448 920 498 ἐστι,
961 446 1080 499 ὥςπερ
1106 452 1148 487 τὸ
1178 450 1401 501 αἰσθητικὸν

44 510 128 564 ἢτό
156 511 358 561 θρεπτικὸν
386 542 395 551 .
418 542 453 552 ..
481 514 548 562 τῆς
583 515 709 562 ψυχῆς
743 513 873 564 μέρος·
909 513 1004 553 ἀλλὰ
1041 518 1160 554 ταῦτα
1194 516 1265 565 μὲν
1302 515 1401 561 ὅλως

42 581 178 632 ἀνήκοα
204 579 391 629 λόγου...
415 579 619 628 καὶπερὶ
642 581 693 619 τὸ
723 582 859 629 σῶμα
889 584 1138 629 παντελῶς
1163 584 1401 635 καταπέφυκε

45 680 73 688 ,,
90 682 96 689 ,
113 647 215 693 Quid
241 647 391 685 multa?
416 650 521 686 recte
547 648 658 687 abest
677 661 701 686 a
728 648 922 688 codicibus
945 650 1170 697 ἐπιθυμοῦν,
1197 664 1220 689 a
1237 650 1403 689 librariis

47 713 283 766 supplendae
322 726 437 753 causa
476 715 692 754 sententiae
728 715 904 755 additum
918 746 928 766 ‚
967 729 1054 755 cum
1087 729 1179 756 vera
1204 717 1404 757 Plutarchi

43 792 176 820 manus
203 777 243 815 τὸ
269 780 341 826 μὲν
368 781 640 829 ἐπιθυμητικὸν
666 783 842 830 κέκληται
873 787 976 823 esset
1000 784 1040 822 in
1067 784 1109 819 τὸ
1139 782 1211 830 μὲν
1239 780 1299 820 ἀεὶ
1328 798 1402 820 σω-

44 848 200 897 ματικῠν
226 846 402 896 κέκληται
430 852 661 900 corruptum.

656 1098 731 1136 373
746 1097 784 1137 b.

164 1193 230 1227 τόν
250 1186 379 1240 ῗΩςιον,
408 1189 452 1227 ὃν
482 1188 617 1238 ἣἿσις
654 1190 778 1228 εἰκόνα
814 1195 880 1228 τοῦ
909 1194 1045 1241 νοητοῦ
1080 1189 1228 1238 κόσμου
1265 1191 1401 1241 αἰσθη-

47 1257 109 1295 τὸν
133 1255 222 1296 ὄντα
248 1261 371 1311 γεννᾷ.

164 1354 360 1394 Benseleri
393 1356 613 1399 coniectura
651 1356 715 1394 καί
749 1359 840 1395 ante
875 1355 1058 1406 αἰσθητὸν
1092 1356 1297 1395 inserentis
1323 1367 1402 1393 non

45 1423 136 1461 mihi
164 1423 316 1472 sufficit,
354 1423 445 1474 quia
471 1436 549 1461 non
575 1423 621 1461 iis
658 1423 758 1462 vitiis
785 1422 986 1472 medetur,
1025 1422 1162 1474 quibus
1186 1423 1254 1461 illa
1282 1423 1402 1462 verba

46 1489 241 1539 laborant,
280 1490 402 1542 primo
430 1491 504 1529 hoc
532 1489 635 1542 quod
666 1490 733 1528 vix
758 1491 887 1541 potest
913 1489 1111 1540 intellegi,
1149 1502 1216 1529 cur
1250 1489 1403 1528 Horum

47 1557 184 1597 dixerit
210 1558 421 1609 imaginem
447 1558 579 1598 mundi
602 1570 685 1598 esse
707 1557 900 1605 sensilem,
923 1569 1014 1596 nam
1041 1557 1190 1597 sensilis
1210 1569 1402 1611 quaecun-

48 1638 118 1675 que
147 1629 205 1664 est
231 1626 384 1677 imago,
422 1627 543 1664 altero
579 1627 695 1677 longe
722 1626 918 1676 graviore,
960 1626 1063 1676 quod
1095 1638 1221 1677 neque
1255 1626 1297 1664 in
1330 1626 1404 1664 hoc

44 1691 138 1731 libro
165 1706 291 1745 neque
319 1693 360 1732 in
386 1693 522 1733 ceteris
548 1693 691 1732 locutio
719 1690 890 1743 ὁνοητὸς
915 1692 1062 1741 κόσμος
1086 1692 1239 1744 legitur,
1268 1705 1403 1732 verum

44 1773 191 1811 semper
216 1761 448 1799 Plutarchus
476 1761 627 1811 scripsit
654 1760 695 1797 τὸ
725 1762 857 1809 νοητὸν
884 1759 925 1798 111
952 1759 1093 1799 talibus
1121 1760 1196 1799 sibi
1222 1763 1398 1799 constare

44 1826 187 1879 solitus,
214 1828 280 1867 cfr.
306 1840 423 1881 supra
449 1828 559 1867 373a
582 1829 623 1865 τῦ
653 1827 724 1876 γὰρ
751 1821 793 1864 ὂν
821 1825 885 1864 καί
910 1824 1044 1876 νοητὸν
1072 1828 1182 1867 352a
1211 1825 1231 1877 ἢ
1259 1828 1402 1868 τοῦ

44 1896 176 1942 νοητοῦ
205 1898 357 1946 γνῶσις,
385 1897 459 1934 373
473 1895 521 1934 ef.
553 1893 598 1945 ἢ.
619 1924 651 1934 .,
680 1891 798 1943 φύσις
826 1894 870 1931 ἐκ
897 1894 1011 1944 τριῶν
1039 1896 1134 1942 ἐστι,
1172 1895 1240 1931 τοῦ
1268 1896 1404 1944 νοητοῦ

44 1960 127 1999 καί.
147 1992 155 2001 .
177 1994 184 2002 ,
206 1959 248 2000 Ὁ
277 1961 443 2000 Πλάτων
469 1965 511 2001 τὸ
539 1963 609 2010 μὲν
637 1958 861 2010 νοητὸνι’και“
880 1960 982 1998 ἰδέαν
1010 1991 1017 1999 .
1034 1990 1043 1999 .
1058 1991 1066 2000 .
1102 1960 1297 2010 ὀνομάζειν
1321 1960 1404 1997 εἴω-

45 2029 121 2075 θεν,
151 2030 263 2069 38211
293 2029 312 2081 1‘7
341 2030 381 2067 δὲ
409 2032 478 2068 τοῦ
507 2033 642 2078 ιοητοῦ
670 2060 679 2070 .
705 2058 714 2069 .
739 2059 747 2068 .
777 2028 920 2078 νόησις,
956 2029 1094 2082 quibus
1120 2030 1187 2068 ubi
1221 2027 1404 2068 addidero

45 2095 121 2147 legi
147 2098 256 2136 373b
287 2096 342 2135 ὅτι
374 2096 470 2146 πρὸς
498 2098 539 2133 τό
569 2095 707 2146 νοητὸν
733 2093 754 2144 ἧ
782 2093 898 2146 φύσις
922 2096 1324 2146 μετασχηματιζομένη
1341 2097 1405 2133 τᾶν

46 2163 190 2213 κόσμον
217 2163 440 2210 ἀποδίδωσι,
469 2166 576 2204 3730
604 2167 671 2203 τᾶν
697 2166 786 2203 &ov
807 2164 945 2202 ἐκεῖνον
974 2163 1013 2213 (i.
1040 2160 1324 2213 θ.Ἀπόλλωιά)
1344 2195 1352 2203 .
1369 2195 1377 2204 .
1394 2195 1402 2203 .

47 2230 299 2281 πρεσβύτερον
326 2227 446 2280 Ἷὶρον
483 2233 678 2269 καλοῦσιν’
714 2229 759 2268 οὐ
791 2232 861 2282 γὰρ
898 2226 941 2280 ἦν
978 2229 1122 2277 κόσμος
1157 2231 1265 2281 (ergo
1287 2228 1403 2280 ῖΩρος

50 2299 107 2334 est
133 2295 293 2350 κόσμος)
319 2300 402 2338 ἀλλ’
432 2297 589 2337 εἱδωλόν
618 2314 653 2336 τι
680 2300 745 2338 καί
777 2300 926 2347 κόσμου
954 2298 1157 2349 φάντασμα
1182 2298 1402 2346 μέλλοντος,

51 2363 161 2404 3746.
184 2364 202 2404 ὁ
233 2366 273 2403 δὲ
300 2366 494 2416 γινόμενος
530 2366 570 2403 ἐκ
598 2365 741 2403 τούτων
768 2365 913 2415 κόσμος
937 2366 1002 2403 καί
1028 2365 1148 2418 (quod
1175 2363 1405 2416 explicative
