1642 2813
572 555 1002 606 VITA.

229 706 356 746 Natus
406 719 491 746 sum
534 707 757 747 Iacobus
802 706 1068 746 Schellens
1106 720 1140 745 a.
1178 706 1214 745 d.
1258 705 1359 745 XIV
1395 706 1466 744 cal.

107 774 203 812 febr.
233 786 334 812 anno
362 774 400 812 h.
429 788 458 812 s.
495 773 651 813 XLIII·
669 774 707 812 N
709 775 859 813 eerseni
890 775 930 813 in
961 787 1064 826 pago
1100 786 1221 825 prope
1256 773 1469 811 Novesium

108 841 194 891 sito,
234 845 346 893 patre
380 842 413 881 F
428 855 448 881 r
461 842 602 881 aneis
618 855 691 892 co,
726 845 851 881 matre
885 842 992 881 Elis
1005 856 1028 881 a
1063 842 1111 881 de
1161 845 1279 893 gente
1313 840 1468 879 Abels

106 909 196 947 fidei
223 909 386 948 addictis
423 909 649 959 catholicae,
687 922 781 961 quos
818 909 944 948 adhuc
982 910 1077 948 mihi
1112 909 1242 948 vivere
1278 908 1468 947 maximo-

108 988 199 1028 pere
238 976 373 1015 laetor.
427 976 567 1015 Primis
606 977 822 1016 litterarum
857 976 1055 1017 elementis
1090 980 1297 1029 postquam
1327 976 1467 1015 libera-

106 1044 253 1082 lissime
280 1056 343 1082 me
376 1044 513 1083 imbuit
547 1045 641 1096 pagi
681 1045 859 1084 sacerdos
895 1045 1198 1084 Franciscus
1234 1044 1466 1094 Heggen,

106 1122 207 1150 anno
233 1110 350 1150 MLV
378 1110 542 1150 director
568 1111 760 1163 gymnasii
785 1111 971 1151 Novesini
996 1112 1037 1150 in
1060 1111 1215 1150 tertiam
1227 1124 1289 1151 me
1304 1111 1467 1150 classem

104 1178 260 1231 recepit.
316 1178 520 1230 Sequentis
556 1179 635 1217 iam
680 1179 771 1218 anni
807 1182 1011 1219 auctumno
1055 1180 1096 1217 in
1121 1179 1345 1231 Kempense
1381 1191 1466 1217 sum

106 1245 269 1295 delatus,
296 1245 387 1284 inde
413 1258 505 1285 vero
529 1249 618 1297 post
645 1250 705 1286 ter
727 1258 798 1284 sex
824 1259 976 1286 menses
1004 1245 1055 1284 ad
1071 1245 1277 1284 Bonnense
1305 1258 1467 1297 gymna-

105 1313 204 1352 sium
238 1326 301 1352 me
336 1314 492 1364 contuli,
529 1314 632 1366 quod
668 1315 734 1367 qui
769 1314 870 1365 regit
909 1313 1197 1353 Ludovious
1240 1313 1467 1364 Schopen

103 1381 246 1432 insigni
270 1394 347 1434 qua
375 1385 434 1421 est
461 1382 702 1422 humanitate
736 1383 883 1435 primus
917 1381 1171 1434 antiquitatis,
1209 1393 1308 1433 quae
1343 1380 1466 1420 omnis

103 1449 354 1488 humanitatis
380 1454 504 1489 mater
528 1454 586 1489 est
613 1454 729 1502 atque
756 1451 900 1498 nutrix,
930 1463 1099 1488 amorem
1126 1450 1221 1487 mihi
1244 1449 1465 1500 impertivit.

105 1515 208 1554 Civis
235 1517 355 1567 igitur
402 1517 665 1556 universitatis
708 1517 943 1556 Friderioiae
978 1517 1208 1555 Guilelmiae
1254 1516 1467 1554 Rhenanae

101 1595 187 1621 cum
215 1596 339 1623 essem
367 1588 572 1624 auotumno
601 1598 635 1624 a.
664 1585 701 1623 h.
731 1599 760 1623 s.
789 1584 865 1624 LX
897 1584 1034 1635 faetus,
1070 1587 1195 1623 totum
1233 1583 1467 1635 philologiae

99 1663 161 1689 me
198 1651 288 1691 dedi
324 1656 363 1691 et
389 1666 461 1704 per
500 1656 586 1692 ooto
624 1654 825 1693 semestria
866 1653 1088 1704 antiquitati
1128 1652 1282 1703 penitus
1327 1664 1467 1702 cogno-

99 1718 264 1758 scendae
287 1720 447 1772 aliisque
476 1721 706 1772 quibusdam
726 1720 938 1771 disciplinis
967 1719 1184 1759 delibandis
1209 1719 1339 1758 studui
1364 1718 1467 1757 duoi-

98 1785 169 1824 bus
212 1799 304 1825 usus
339 1788 619 1838 professoribus
659 1788 905 1839 amplissimis
946 1787 988 1825 H
1003 1787 1095 1826 eim
1106 1800 1123 1824 s
1135 1799 1157 1824 o
1169 1799 1190 1824 e
1204 1787 1250 1824 th
1264 1816 1273 1835 ‚
1325 1784 1346 1824 I
1356 1785 1413 1824 ah
1423 1798 1466 1834 n,

98 1851 499 1901 Reifferscheid,
524 1853 639 1891 Rits
655 1853 757 1901 ohl,
786 1852 1022 1901 Schmidt,
1051 1852 1212 1902 Sohop
1225 1864 1294 1898 en,
1321 1850 1467 1888 Bran-

98 1919 194 1969 dis,
220 1933 314 1958 van
342 1919 543 1968 Oalker,
571 1918 709 1958 Knoo
724 1919 794 1968 dt,
821 1918 1210 1970 Kampsohulte,
1237 1917 1466 1965 Loebell,

96 1986 224 2025 Lore
238 1989 344 2036 ntz,
372 1986 513 2035 Diez,
541 1986 807 2036 Monnard,
834 1986 971 2039 quibus
996 1985 1172 2026 omnibus
1200 1985 1248 2024 de
1273 1985 1372 2024 bene
1387 1996 1466 2023 me-

96 2053 177 2092 ritis
205 2054 352 2105 gratias
381 2066 459 2104 ago
488 2067 583 2105 quas
614 2054 737 2093 debeo
764 2054 967 2093 maximas.
