1642 2813
706 89 755 127 27

58 185 267 234 βάλλοντος
291 211 301 220 .
320 214 325 219 .
345 211 353 219 .
390 180 504 220 αὑτὸν
530 182 739 232 legendum
764 183 841 220 iam
865 181 1068 233 Xylander
1094 180 1215 220 sensit
1238 170 1412 218 vertens:

64 248 322 300 „mentionem
348 247 535 287 faciebat.
548 277 557 286 .
570 277 578 286 .
599 246 814 287 Alexandri
834 247 979 299 Magni,
1008 248 1072 300 qui
1087 278 1096 287 .
1111 279 1120 288 .
1138 277 1147 286 .
1162 247 1294 287 Medio
1319 259 1413 298 prae

58 317 205 371 pudore
238 328 317 353 non
353 328 469 353 ausus
497 315 694 353 adversari
727 316 897 354 hortanti
924 319 964 354 et
989 317 1039 354 ad
1070 328 1212 354 novam
1247 315 1415 352 trahenti

62 382 398 436 compotationem‚
423 384 546 431 denuo
564 396 719 422 merum·
725 385 875 433 potavit
902 396 952 422 ex
969 396 1090 436 eoque
1107 383 1273 436 periit.“.
1300 381 1414 420 Eius-

60 454 147 492 dem
159 450 353 502 Xylandri
378 450 635 489 coniecturam
660 452 733 488 757
746 464 770 489 a
796 450 859 488 καὶ
882 449 997 489 πάλιν
1033 447 1105 499 „³9
1120 453 1247 494 παῖδες
1262 481 1270 490 .
1287 479 1296 488 .
1323 449 1415 487 scri-

59 518 183 559 bentis
208 530 278 570 pro
307 515 371 554 καί
398 517 511 554 πάλιν
538 512 585 554 αὖ
614 511 685 556 ὧδε
721 516 915 557 codicibus
948 517 1118 570 repperit
1152 517 1417 558 confirmatam

59 587 285 627 Duebnerus
298 586 357 636 ⁸⁴).
410 585 501 624 Non
526 586 650 624 minus
677 585 790 624 tertio
818 586 902 624 loco
930 585 1042 624 367d
1069 584 1126 622 διὸ
1153 586 1219 621 τὸν
1253 587 1417 635 Τυφῶνα

61 656 147 703 Σηθ
170 651 229 690 ἀεὶ
252 651 461 701 Αἰγύπτιοι
488 652 671 689 καλοῦσιν
697 652 833 692 vitium
858 651 984 691 inesse
1009 651 1417 704 praeteerlandrum

66 733 199 760 vocem
234 716 294 757 ἇεί
324 719 499 759 versione
533 733 611 759 non
638 720 918 771 exprimentem
952 719 1050 759 vidit
1076 719 1250 771 Squirius
1286 718 1417 757 delen-

64 788 152 826 dam
179 799 264 825 eam
292 789 359 825 aut
381 786 421 825 in
438 780 485 823 ὀἱ
507 787 732 826 mutandam
759 800 844 827 esse
868 787 1100 827 admonens:
1136 799 1262 837 neque
1288 789 1419 838 potest

63 854 121 893 da*
146 854 237 893 ferri
260 854 352 893 licet
385 854 626 893 defensorem
651 856 838 894 invenerit
858 855 1204 907 Wyttenbachium
1220 852 1280 892 ἀεὶ
1302 855 1418 902 „Plu-

63 922 195 960 tarcho
232 921 394 959 subinde
430 921 485 960 sic
512 921 724 960 adhibitum
759 926 802 961 ut
828 922 1106 974 propemodm
1136 921 1335 960 abundare
1361 922 1418 960 vi-

63 989 220 1028 deatur“
260 987 452 1026 dicentem
468 990 527 1036 ⁶⁵).
589 988 731 1028 Nostro
767 989 869 1028 enim
906 990 991 1029 loco
1019 988 1079 1029 ἆεί
1101 1002 1179 1029 non
1214 1002 1417 1042 propemo-

63 1056 153 1094 dum
180 1055 379 1094 abundare
414 1055 588 1101 videtur,
629 1056 698 1094 sed
724 1069 879 1107 prorsus
919 1058 1061 1095 falsum
1087 1061 1158 1103 est,
1196 1057 1287 1108 quia
1322 1057 1417 1095 deus

62 1122 126 1162 illc
152 1125 191 1161 et
219 1121 384 1175 Typhon
410 1122 681 1163 nominabatur
707 1123 891 1165 etBebon
918 1127 957 1164 et
987 1124 1081 1178 Smy
1106 1125 1190 1178 ipso
1206 1124 1416 1164 Plutarcho

62 1194 171 1229 teste.
226 1191 331 1240 Ergo
358 1191 420 1230 vel
447 1191 655 1230 delendum
680 1192 750 1241 ἀεὶ,
783 1193 846 1231 vel
873 1193 976 1243 quod
1002 1192 1263 1243 praetulerim,
1288 1192 1330 1230 in
1355 1192 1420 1229 καί

63 1260 251 1296 mutatum
280 1259 371 1298 ante
398 1258 486 1307 Σηθ
508 1261 568 1298 est
594 1258 872 1300 collocandum.
901 1259 936 1298 οἱ
957 1261 1162 1310 Αἰγύπτιοι
1189 1261 1292 1300 enim
1304 1260 1418 1314 Squi-

190 1428 248 1469 64)
273 1430 323 1471 qui
344 1440 456 1462 novum
477 1431 573 1462 hiatus
594 1432 762 1472 exemplum
783 1433 910 1473 ingessit
930 1434 1040 1464 omissa
1063 1433 1238 1473 typothetae
1267 1432 1299 1463 ni
1331 1431 1419 1463 fallor

62 1485 134 1516 vitio
156 1494 235 1517 voce
260 1487 367 1518 πάλιν
389 1489 445 1521 921
459 1489 479 1519 b
502 1498 520 1519 e
541 1489 661 1529 vulgata
686 1488 732 1524 ὥς
761 1500 830 1521 που
853 1489 961 1521 πάλιν
982 1491 1002 1520 o‘
1023 1489 1230 1531 Ἀγησίαναξ
1250 1491 1398 1529 εἴρηκεν.

184 1573 239 1615 65)
262 1576 299 1606 ad
322 1575 414 1608 3641:
442 1577 542 1616 ἥλιον
564 1576 602 1609 δὲ
631 1581 691 1610 καὶ
723 1579 866 1618 σελήνην
891 1579 957 1620 οὐχ
989 1578 1148 1621 ἅρμασιν
1175 1579 1259 1609 dno?
1282 1579 1419 1612 πλοίοις

63 1628 219 1671 θ’κῆμασι
241 1635 452 1674 χρωμένους
475 1637 657 1677 περιπλεῖν
681 1635 749 1675 cisi,
774 1637 1015 1679 αἰνιττόμενοι
1039 1639 1101 1675 τνῐν
1123 1636 1183 1677 εἶφ’
1208 1634 1319 1678 ὗγροῦ
1341 1645 1421 1678 τρο-

62 1685 134 1724 (priv
157 1686 276 1719 αὐτῶν
298 1692 359 1720 καὶ
382 1692 536 1732 γένεσιν.
580 1693 677 1724 Affert
699 1693 806 1734 quibus
829 1695 1007 1725 sententiam
1029 1704 1112 1725 suam
1142 1693 1323 1734 comprobet
1343 1693 1419 1724 haec

62 1743 212 1782 exempla:
236 1744 298 1778 367
308 1746 337 1785 d,
362 1746 420 1779 125
431 1758 459 1780 c.
480 1749 495 1779 f
513 1748 616 1789 (1250
644 1750 754 1781 nullum
777 1757 824 1782 cst
846 1751 931 1790 clei),
954 1752 1015 1784 723
1025 1762 1052 1790 c,
1083 1753 1170 1784 735d
1199 1751 1275 1791 (735
1289 1761 1307 1782 e
1328 1751 1419 1781 volu-

62 1797 120 1829 isse
142 1800 260 1832 videtur
281 1804 445 1846 scribere),
470 1806 573 1846 778d,
596 1808 657 1840 785
670 1818 699 1848 e,
723 1810 783 1840 797
798 1820 832 1847 a,
854 1809 957 1849 880⁸,
984 1810 1104 1849 1003b‚
1131 1810 1235 1843 1033r
1256 1811 1285 1840 in
1308 1808 1418 1850 quibus

63 1855 236 1898 colligendis
258 1862 330 1892 satis
357 1863 531 1896 mirabiliter
553 1867 615 1906 egit
638 1868 686 1896 vir
708 1868 888 1908 ceteroquin
918 1869 1170 1899 accuratissimus.
1213 1868 1286 1899 Nam
1316 1867 1376 1899 '778
1389 1867 1419 1905 d,

62 1913 119 1945 785
133 1925 161 1953 e,
182 1916 293 1949 1003b
315 1924 426 1950 tantum
449 1921 534 1952 abest
556 1928 588 1953 ut
607 1923 741 1956 abundet
763 1923 830 1965 αἐἱ,
852 1930 886 1955 ut
906 1936 923 1956 a
938 1926 1093 1965 Xylnndro
1115 1926 1282 1957 rectissime
1298 1926 1328 1955 in
1348 1934 1419 1955 ver-

62 1970 177 2003 sionem
197 1976 235 2006 sit
258 1985 424 2019 receptum,
447 1979 537 2011 367d
565 1985 664 2011 autem
687 1991 748 2011 non
772 1982 866 2022 magis
890 1988 991 2021 potest
1013 1983 1088 2013 ferri
1110 1993 1198 2023 quam
1220 1982 1280 2015 735
1290 1991 1317 2019 c,
1341 1982 1419 2012 unde

63 2034 93 2058 et
114 2029 250 2064 Reiskius
272 2041 303 2066 et
322 2039 388 2076 ipse
404 2037 652 2077 Wyttenbachins
676 2040 855 2070 coniectura
876 2040 947 2070 illud
968 2039 1129 2071 voluerunt
1143 2048 1312 2077 removere,
1333 2038 1421 2071 880⁸

62 2083 190 2127 denique
212 2092 241 2122 in
274 2092 350 2125 libro
373 2100 419 2126 est
441 2097 487 2127 De
510 2096 627 2137 placitis
662 2098 909 2138 philosophorum
944 2108 1033 2139 quem
1056 2096 1306 2138 Wyttenbachius
1333 2106 1421 2127 com-

65 2145 204 2179 pendium
228 2151 269 2180 ait
302 2161 370 2183 esse
399 2155 521 2185 maioris
553 2156 655 2195 operis
678 2155 845 2186 Plutarchei
874 2165 973 2193 neque
1009 2157 1037 2186 id
1067 2166 1083 2186 a
1107 2155 1268 2186 Plutarcho
1299 2155 1422 2187 factum.

61 2199 254 2238 Nihilominus
269 2211 408 2250 equidem
430 2213 518 2245 3640
546 2213 612 2252 ιίεἱ,
636 2214 718 2254 quod
741 2213 878 2244 Reiskius
901 2213 996 2244 deleri
1016 2213 1112 2244 voluit
1133 2218 1185 2243 aut
1207 2214 1238 2243 in
1252 2214 1418 2252 λέγουσιν

62 2264 180 2298 mutari,
214 2265 342 2298 libenter
371 2269 503 2310 ferrem,
537 2271 563 2300 si
591 2271 672 2302 hiatu
694 2280 756 2301 non
785 2270 953 2302 offenderet
986 2270 1090 2312 (quem
1115 2280 1132 2300 a
1153 2268 1317 2301 Benselero
1346 2273 1419 2308 puto

68 2323 159 2354 Pflusn
182 2327 374 2368 excusatum)
399 2338 500 2369 neque
522 2329 646 2360 verbum
668 2328 792 2369 aliquod
812 2329 1035 2361 desider-retur
1053 2327 1234 2361 declarandi.
1277 2325 1329 2356 nis
1344 2334 1420 2361 vem

64 2378 100 2408 de
121 2384 219 2412 causis
243 2383 296 2415 αἐὶ
320 2386 351 2415 in
373 2390 487 2426 φασιν
511 2387 603 2417 credo
627 2396 696 2418 esse
718 2386 940 2427 corrigendum.
