1642 2813
781 96 804 136 3

115 207 225 244 tuum
238 199 280 252 ⁵).
334 194 555 248 Impeditae
582 191 682 232 enim
712 194 828 243 atque
855 189 1077 229 salebrosae
1104 186 1282 228 dictionis
1316 189 1475 240 propter

111 282 228 323 quam
261 281 284 307 a
310 263 505 305 nonnullis
535 261 638 301 male
664 257 893 299 Plutarchus
921 257 1085 309 audivit,
1120 270 1221 297 nunc
1247 256 1402 297 demum
1435 256 1475 295 in

110 338 240 376 hiatus
276 331 448 373 evitandi
482 328 611 368 studio
647 327 837 366 rationem
872 339 955 366 esse
989 329 1184 377 repertam
1218 327 1258 364 et
1284 323 1477 363 excusati-

113 414 247 449 onem,
288 412 368 439 non
404 395 539 436 dubito
576 394 668 447 quin
696 405 943 434 concessurus
977 393 1049 443 sis,
1084 392 1151 432 ubi
1184 392 1224 432 in
1260 392 1361 432 hanc
1387 404 1470 431 rem

111 471 282 508 intentus
321 464 469 514 aliquot
509 461 629 498 libros
669 459 878 511 perlegeris
917 472 1008 498 vere
1045 459 1307 497 Plutarcheos.
1370 459 1476 497 Nam

112 535 238 574 minus
283 531 357 569 hoc
397 525 597 567 commode
642 528 772 577 potest
815 524 1074 576 singularibus
1115 526 1302 578 exemplis
1347 524 1479 577 qualia

113 604 204 641 sunt
238 599 323 637 410
362 596 401 634 αἱ
436 592 579 632 πολλαί
613 594 703 638 τοὺς
739 591 944 635 ἀκούοντας
980 590 1159 643 ἁμαρτίαι
1192 586 1474 643 διαφεύγουσιν,

116 668 223 707 9350
246 669 285 705 et
313 663 423 702 944b
455 660 474 711 ἧ
502 657 577 712 παῤ
608 658 696 708 ἡμῖν
723 660 798 708 ἔχει
823 660 882 707 γῆ,
910 658 1014 697 387f
1038 658 1095 706 (τὸ
1129 660 1175 709 E)
1208 655 1259 704 ὦς
1279 687 1285 695 .
1305 687 1339 696 ..
1361 657 1476 706 μεγά-

116 740 184 774 λου
213 732 308 784 πρός
335 732 378 767 τὰ
411 728 482 768 ὅλα
510 743 570 766 και
612 728 744 778 κυρίου
785 732 939 777 σημεῖον
965 724 1131 775 ἀριθμοῦ
1168 724 1478 777 προτετιμῆσθαι,

116 801 201 840 6011
227 796 321 847 αὕτη
355 799 489 834 τοῦτον
525 792 548 845 ἦ
577 793 771 845 παῤῥησία
807 792 873 831 τόν
899 789 1100 843 ἄνθρωπον
1129 790 1329 830 ἀποκτενεῖ
1343 791 1373 841 ⁸)
1414 789 1479 828 vel

240 953 275 994 5]
296 952 428 983 Tertium
450 950 571 990 aliquod
594 949 721 987 accedit,
744 950 825 990 quod
845 950 922 979 inter
944 949 1065 979 Moralia
1087 949 1130 979 illi
1151 949 1228 986 libri,
1250 950 1301 989 qui
1323 958 1397 988 prae
1420 957 1472 979 ce-

116 1012 188 1043 teris
211 1013 329 1041 scatent
364 1007 503 1044 hiatibus,
534 1006 681 1036 0011110111
716 1005 780 1036 aliis
801 1006 838 1037 de
860 1007 958 1037 causis
993 1006 1058 1036 fere
1091 1015 1196 1036 omnes
1231 1005 1280 1036 vel
1310 1015 1438 1045 prorsus
1460 1014 1477 1035 a

117 1067 277 1100 Plutarcho
300 1065 475 1102 abiudicati,
494 1060 524 1094 id
549 1063 631 1104 quod
655 1063 737 1094 cadit
758 1074 805 1094 ex.
827 1073 872 1103 gr.
895 1064 924 1094 in
944 1063 1098 1101 Parallela,
1121 1064 1291 1094 Amatorias
1320 1064 1478 1093 narratio-

116 1135 180 1161 nes,
203 1125 296 1154 libros
317 1124 362 1153 00
383 1122 451 1151 vitis
473 1121 579 1151 decem
602 1126 768 1156 oratorum,
790 1121 836 1150 De
859 1120 976 1159 placitis
998 1120 1258 1159 philosophorum,
1281 1121 1327 1150 De
1364 1121 1425 1149 vita
1447 1124 1478 1149 et

118 1182 203 1220 poesi
226 1179 362 1210 Homeri:
394 1177 441 1207 vel
471 1182 502 1207 ut
525 1176 611 1207 valde
634 1177 772 1216 corrupti
795 1176 832 1206 ab
863 1177 984 1216 optimis
1006 1177 1117 1207 criticis
1138 1177 1232 1207 notati
1253 1176 1335 1207 velut
1358 1176 1477 1208 Conso-

118 1237 189 1269 latio
226 1237 263 1267 ad
299 1235 488 1275 Apolloniam
513 1239 543 1265 et
577 1233 692 1264 libellus
718 1234 763 1264 De
794 1234 868 1267 fato.
913 1234 1029 1265 Paucos
1052 1244 1128 1274 quos
1162 1235 1274 1273 primus
1296 1233 1478 1264 Benselerus

118 1300 244 1334 propter
271 1292 364 1323 solam
387 1292 519 1321 hiatuum
554 1290 770 1321 multitudinem
801 1291 922 1330 spurios
952 1301 1020 1321 esse
1053 1292 1217 1327 contendit,
1244 1291 1339 1321 libros
1361 1290 1479 1322 scilicet

119 1352 164 1382 00
186 1349 371 1391 garrulitate,
394 1349 439 1378 00
462 1347 583 1378 vitando
606 1356 677 1378 aere
699 1347 808 1386 alieno,
830 1348 985 1379 Adversus
1008 1348 1139 1388 Stoicos,
1155 1349 1323 1379 accuratius
1346 1353 1478 1379 tractare

119 1409 190 1439 1111111
210 1418 264 1447 per
286 1413 404 1446 tempus
426 1415 488 1436 non
511 1406 614 1435 licuit.-
642 1406 809 1435 monuerim
830 1411 939 1444 tamen,
961 1407 1039 1436 inter
1060 1406 1127 1436 illos
1150 1407 1255 1443 hiatus,
1287 1416 1366 1447 quos
1388 1406 1471 1436 Ben-

118 1465 234 1496 selerus
257 1464 409 1503 opinionis
432 1472 504 1493 suae
524 1467 701 1503 argumenta
723 1462 878 1503 allegavit,
900 1463 978 1493 haud
995 1472 1110 1502 paucos
1131 1473 1199 1494 esse
1222 1472 1298 1504 quos
1320 1464 1387 1503 ipse
1408 1463 1480 1494 alibi

118 1531 135 1552 a
157 1521 317 1552 Plutarcho
340 1529 401 1550 non
423 1521 552 1550 evitatus
574 1520 701 1558 censuit,
735 1520 810 1550 alios
833 1529 870 1550 ex
892 1521 928 1550 iis
950 1520 1077 1560 legibus,
1100 1530 1173 1560 quas
1204 1521 1275 1550 mihi
1298 1520 1478 1550 Plutarchus

118 1583 240 1607 secutus
276 1585 343 1606 esse
375 1576 504 1612 videtur,
535 1575 727 1606 tolerabiles:
765 1576 858 1606 ceteri
881 1577 907 1606 si
937 1585 1036 1616 neq-ue
1066 1576 1218 1607 removeri
1239 1577 1304 1606 sive
1339 1577 1479 1607 codicum

120 1643 180 1673 ope
200 1634 263 1664 sive
286 1633 469 1663 coniecturis
503 1638 630 1671 possunt
661 1632 879 1671 probabilibus,
913 1642 1012 1673 neque
1034 1633 1075 1662 ita
1108 1634 1259 1671 excusari,
1296 1638 1327 1663 ut
1349 1632 1419 1663 libri
1440 1633 1481 1663 illi

120 1700 188 1722 esse
212 1691 348 1729 corrupti
370 1690 598 1727 convincantur,
620 1698 677 1719 nos
692 1699 814 1730 quoque
836 1699 898 1720 11011
920 1691 1095 1729 poterimus,
1119 1691 1190 1730 quin
1213 1700 1274 1721 non
1298 1690 1480 1721 Plutarchea

119 1755 187 1779 esse
208 1748 265 1779 ista
286 1747 398 1787 scripta
422 1747 633 1777 concedamus.
678 1746 754 1777 Nihil
777 1756 851 1778 vero
883 1752 987 1778 contra
1010 1758 1066 1778 nos
1100 1748 1210 1787 valere,
1233 1748 1316 1789 quod
1333 1749 1364 1778 in
1400 1747 1479 1779 libro

119 1804 166 1836 00
188 1805 368 1836 educatione
398 1804 571 1843 liberorum,
593 1804 619 1835 si
650 1805 881 1843 Wyttenbachio
918 1805 991 1835 fides
1024 1805 1160 1835 habenda
1196 1811 1263 1843 est,
1295 1805 1481 1844 pseudophi-

122 1862 258 1900 tarcheo,
289 1863 380 1901 pauci
407 1862 600 1901 reperiuntur
629 1861 736 1899 hiatus,
769 1870 829 1891 non
852 1866 898 1892 est
918 1871 972 1892 cur
1006 1871 1156 1893 moneam.
1197 1862 1272 1893 Nam
1293 1862 1367 1893 licet
1388 1872 1478 1893 unum

121 1919 308 1959 eundemque
340 1920 522 1957 scriptorem
554 1919 585 1948 in
618 1917 769 1958 plerisque
801 1918 883 1948 libris
905 1919 1016 1949 hiatum
1050 1920 1189 1957 evitasse,
1212 1920 1242 1949 in
1265 1920 1332 1949 aliis
1354 1929 1480 1959 prorsus

121 1984 182 2005 non
205 1985 328 2006 curasse
362 1975 446 2006 credi
467 1980 608 2016 nequeat,
639 1974 833 2005 Plutarchum
856 1975 941 2006 exilis
968 1981 998 2006 et
1019 1977 1046 2006 si
1067 1977 1138 2017 quid
1161 1986 1220 2018 ego
1243 1977 1328 2016 sapio
1360 1977 1483 2017 putidae

123 2032 297 2074 diligentiae
318 2032 411 2073 ‘posse
429 2033 628 2064 aemulatores
649 2032 790 2064 hahuisse
812 2034 878 2074 quis
899 2033 1097 2064 infitiabitur?

247 2146 282 2187 6)
308 2147 341 2178 In
365 2147 573 2178 describendis
595 2147 672 2179 locis
694 2147 918 2187 Wyttenbachii
938 2147 1099 2178 editionem
1120 2154 1243 2179 secutus
1264 2158 1347 2188 sum,
1377 2150 1483 2181 nueb-

122 2204 238 2234 neriani
259 2209 358 2236 textus
380 2206 600 2246 discrepamus,
633 2215 712 2247 quae
741 2205 993 2247 quantuncunque
1016 2215 1083 2236 esse
1110 2208 1256 2238 momenti
1284 2207 1321 2238 ad
1350 2212 1483 2238 nostram

123 2261 330 2301 quaestionem
353 2262 572 2298 diiudicandum
594 2262 784 2302 videbantur,
799 2262 941 2292 omibus
963 2263 1120 2301 appositis.
1153 2262 1342 2293 Reiskianam
1364 2268 1394 2293 et
1407 2263 1483 2294 llut-

122 2317 285 2356 tenianam,
315 2324 349 2349 ut
370 2329 424 2359 par
452 2324 535 2357 erat,
565 2319 631 2350 sere
664 2318 784 2359 neglexi
806 2323 837 2348 et
859 2328 898 2349 ne
926 2320 1114 2350 recentiores
1143 2320 1262 2360 quidem
1291 2318 1484 2360 singularium

122 2373 269 2406 librorum
290 2375 440 2408 editiones
464 2376 554 2407 multa
575 2376 648 2407 mihi
669 2376 874 2417 praebuerunt
894 2377 1056 2409 enotanda.
