1642 2813
864 64 921 106 16,

201 158 246 196 τί
266 160 357 198 ante
385 156 642 210 quodeunque
669 158 901 198 vocabulum
927 158 1134 198 ferendum
1159 161 1340 211 putasse,
1382 170 1456 211 ego
1482 169 1574 199 vero

199 238 278 265 non
303 237 462 278 possum
487 236 568 264 non
594 225 738 276 mirari,
767 224 871 278 quod
898 225 1058 272 Quaene.
1086 220 1216 277 graec.
1250 226 1301 264 48
1336 226 1480 277 legitur
1511 226 1573 265 διὰ

200 292 246 331 τί
268 293 320 342 ἐν,
345 304 433 332 011111
460 305 540 332 11011
564 293 692 343 80111111
723 294 765 332 in
799 292 936 332 ceteris
972 292 1287 345 quaestionibus,
1320 305 1421 345 quae
1445 291 1573 333 verbis

201 357 264 397 διὰ
292 359 335 397 τί
357 359 546 412 incipiunt
562 360 625 411 ⁴²²),
654 373 808 413 semper
825 359 954 399 hiatus
981 359 1031 399 sit
1056 359 1235 411 evitatus,
1259 372 1396 400 verum
1413 360 1572 401 ubieun-

200 439 276 478 que
301 427 399 466 haec
428 427 595 466 formula
623 428 742 466 simili
767 429 1010 479 permutatur
1022 430 1071 474 43)
1105 427 1145 465 111
1171 430 1446 466 consonantem
1472 426 1572 466 desi-

198 495 316 532 nente
341 495 386 531 ut
418 490 558 540 πόθεν,
596 489 670 529 ἀπὸ
700 492 802 537 τίνος
835 492 891 531 ibi
919 495 1100 545 (excepta
1135 505 1214 532 una
1240 493 1310 543 56,
1351 493 1573 545 ceteroquin

203 563 386 611 corrupta
412 559 520 598 haud
549 559 668 599 dubie
695 563 734 599 et
760 560 915 610 manca)
945 572 1098 611 semper
1130 559 1341 612 quaerendi
1366 559 1572 599 formulam

197 627 342 666 vocalis
378 629 563 679 sequatur
579 657 589 677 ,
634 627 690 666 ita
715 631 759 666 ut
786 628 825 665 in
862 626 1094 679 quibusdam
1133 639 1226 665 sane
1262 627 1385 679 possit
1421 627 1572 666 diversa

197 694 364 734 formula
401 694 617 734 sententiae
647 707 764 733 causa
797 693 1016 733 accuratius
1047 693 1304 746 proferendae
1339 693 1480 735 dilecta
1513 695 1570 735 vi-

198 762 296 812 deri,
326 765 477 814 quaest.
503 764 553 800 52
583 765 713 801 autem
740 760 797 804 τίς
823 759 923 798 αἴτιίι
943 762 991 797 δι’
1022 761 1064 812 ἣν
1087 758 1229 799 Ἠλεῖοι
1258 765 1297 801 et
1316 763 1367 801 54
1391 763 1448 808 τίς
1467 761 1569 799 αἰτία

197 831 246 866 δι’
291 828 336 881 ἣν
372 832 412 869 ἐν
443 832 482 870 et
519 830 568 868 57
606 828 681 866 ἀπὸ
722 828 834 872 ποίας
881 826 1003 873 αἰιὶας
1041 825 1060 865 ὃ
1096 841 1175 869 11011
1209 829 1284 868 nisi
1318 829 1447 868 hiatus
1490 828 1569 868 evi·

196 897 309 936 tandi
354 910 472 936 eausa
512 897 568 935 ita
604 897 749 948 scripta
793 909 878 935 esse
915 900 1113 948 appareat.
1179 896 1317 948 Neque
1353 897 1568 948 quisquam,

195 967 241 1004 ut
275 977 410 1017 spero,
447 965 555 1004 casui
587 964 762 1004 tribuens
799 963 903 1017 quod
937 977 1090 1017 semper
1122 965 1275 1005 vocales
1315 964 1569 1017 insequuntur

195 1033 362 1072 vicarias
390 1033 478 1071 illas
506 1033 706 1082 formulas,
747 1033 831 1072 solo
867 1032 1044 1071 variandi
1070 1032 1198 1071 studio
1224 1032 1479 1071 Plutarchum
1513 1033 1569 1071 ita

195 1099 397 1153 scripsisse
423 1099 591 1153 putabit.
647 1099 749 1139 Nam
775 1099 875 1139 mira
900 1099 1075 1152 profecto
1104 1104 1207 1140 esset
1243 1104 1283 1140 et
1309 1100 1472 1140 ridicula
1499 1113 1567 1141 va-

194 1168 309 1207 riatio
348 1171 498 1219 septem
535 1167 726 1206 continuis
763 1167 1052 1218 quaestionibus
1081 1169 1266 1218 (45—51)
1302 1169 1469 1207 formula
1505 1168 1566 1204 διὰ

194 1234 237 1272 τί
259 1234 399 1274 assutis
428 1234 524 1273 duas
553 1233 697 1272 addere
733 1234 799 1283 (52
828 1237 868 1273 et
895 1234 962 1284 54)
989 1233 1119 1273 verbis
1147 1234 1204 1278 τίς
1231 1235 1333 1272 αἰτία
1367 1236 1406 1274 δί
1441 1232 1484 1282 ἢν
1505 1233 1565 1272 in-

197 1302 397 1354 cipientes,
427 1315 503 1354 qua
531 1302 697 1340 formula
726 1304 874 1353 quaest.
903 1302 953 1339 48
982 1301 1156 1340 adhibita
1180 1305 1220 1341 et
1254 1301 1397 1341 variari
1427 1313 1565 1353 reapse

195 1373 234 1409 et
260 1370 390 1408 hiatus
404 1369 595 1422 potuisset
623 1369 773 1408 evitari.
808 1368 1022 1420 Aliquanto
1041 1369 1196 1421 saepius
1214 1382 1330 1422 quam
1346 1369 1387 1408 in
1406 1369 1562 1415 Quaest.

194 1450 339 1488 graec„
367 1438 408 1476 in
436 1437 592 1483 Quaest.
621 1449 768 1475 roman.
807 1437 865 1473 διὰ
896 1435 940 1472 τί
966 1440 1056 1475 ante
1083 1437 1257 1476 vocalem
1292 1436 1452 1488 legitur,
1494 1436 1564 1475 sed

194 1505 359 1543 eaedem
396 1507 649 1555 compensant
685 1503 822 1541 vitium
860 1502 1053 1541 medelam
1089 1503 1274 1554 optimam
1310 1503 1558 1555 suppeditan-

194 1574 267 1611 tes.
323 1570 433 1610 Sicut
460 1569 563 1609 enim
592 1569 839 1621 quaestiones
858 1570 894 1619 8,
924 1570 985 1619 12,
1012 1570 1074 1620 35,
1103 1571 1166 1620 43,
1196 1571 1256 1620 73,
1287 1570 1380 1621 1113
1411 1571 1445 1621 7,
1476 1571 1561 1620 108,

194 1651 215 1678 8
244 1638 383 1691 quibus
416 1638 566 1689 priores
595 1636 751 1688 quidem
787 1636 864 1675 alia
889 1637 1037 1688 magis,
1070 1637 1196 1677 minus
1223 1638 1301 1676 alia
1327 1650 1421 1676 suae
1445 1651 1561 1690 quae-

193 1719 269 1759 que
308 1704 560 1759 praecedenti
596 1704 741 1744 similes
769 1706 859 1743 sunt
886 1707 1116 1755 argumento
1131 1735 1141 1754 ,
1177 1705 1341 1757 septima
1366 1709 1497 1745 autem
1522 1709 1562 1745 et

192 1772 407 1812 centesima
435 1774 573 1810 octava
601 1783 688 1809 cum
716 1772 829 1808 sexta
856 1773 895 1809 et
913 1771 1122 1810 centesima
1140 1772 1305 1822 septima
1322 1773 1428 1812 nullo
1445 1772 1560 1812 modo

191 1831 412 1885 cohaerent,
441 1838 570 1877 verbis
599 1837 660 1874 διὰ
686 1836 782 1874 τίδὲ
809 1836 1056 1888 inducuntur,
1083 1837 1139 1877 ita
1157 1851 1236 1877 non
1262 1839 1386 1879 solum
1413 1843 1558 1892 quaest.

191 1910 214 1946 2
243 1910 283 1947 et
310 1908 373 1956 31,
403 1919 502 1958 quae
536 1904 830 1957 quaestionibus
869 1905 887 1941 1
919 1908 958 1943 et
984 1906 1035 1943 30
1062 1906 1281 1955 arg-umenti
1312 1907 1466 1946 vinculo
1498 1920 1559 1946 ar-

195 1973 365 2013 ctissimo
391 1973 598 2012 adiunctae
626 1974 727 2021 sunt,
753 1971 791 2008 δὲ
818 1971 1089 2023 percommode
1115 1972 1233 2011 inseri
1259 1973 1460 2022 concedes,
1492 1987 1558 2014 ve-

148 2045 161 2054 ‘
187 2054 277 2080 rum
301 2039 406 2079 idem
433 2042 581 2091 quaest.
608 2040 659 2077 50
687 2041 727 2077 et
754 2039 802 2076 98
831 2037 923 2077 addi
949 2052 1064 2091 posse
1090 2050 1168 2078 non
1194 2040 1370 2091 negabis,
1396 2041 1486 2080 licet
1506 2042 1557 2079 50

190 2112 231 2149 et
257 2108 308 2146 49
335 2121 497 2159 parvam
526 2107 608 2157 (eas
636 2119 754 2158 agere
782 2106 947 2145 dixerim
972 2107 1020 2146 de
1047 2107 1346 2158 magistratuum
1372 2109 1453 2148 sive
1474 2122 1557 2149 am-

188 2177 276 2216 bitu
303 2176 384 2215 sive
413 2175 696 2225 abdicatione),
737 2176 786 2213 98
815 2177 854 2214 et
881 2175 929 2213 97
957 2174 1039 2214 fere
1073 2175 1220 2215 nuHam
1243 2175 1414 2216 habeant
1441 2189 1555 2228 argu-

310 2300 371 2340 42)
394 2309 448 2341 qq.
472 2299 522 2337 31,
544 2299 595 2338 36,
618 2300 669 2337 37,
691 2298 742 2337 39,
765 2299 817 2337 45,
839 2298 890 2339 46,
914 2299 964 2336 47,
987 2298 1038 2339 49,
1061 2299 1113 2339 50,
1136 2300 1189 2339 51,
1210 2299 1260 2338 53,
1284 2300 1335 2339 55,
1356 2300 1405 2334 58.

310 2356 367 2397 ⁴3)
390 2366 443 2398 qq.
466 2356 516 2388 ⁴1.
540 2356 592 2393 42,
616 2355 666 2394 43,
689 2356 739 2394 52,
762 2355 812 2394 54,
836 2355 888 2393 56,
913 2356 963 2395 57,
986 2356 1037 2389 59.
