1642 2813
848 132 899 169 30

197 225 378 267 conviciis
407 226 611 266 coercere?
636 224 715 266 Sed
742 228 905 277 apparet
927 224 1181 265 Benselerum
1207 238 1287 265 non
1312 226 1436 266 solum
1458 238 1557 278 quac

194 293 432 345 praecedunt
459 297 498 331 et
533 296 745 344 sequuntur
779 296 954 335 nostrum
988 293 1115 334 locum
1150 305 1200 331 ne
1234 293 1374 331 leviter
1400 294 1556 345 quidem

191 360 430 412 perlegisse,
465 359 535 400 sed
571 360 693 412 ipsius
730 372 881 412 quoque
916 372 1042 411 pauca
1079 372 1177 412 quae
1213 372 1330 412 supra
1370 360 1557 413 adscripsi

192 429 314 467 verba
339 440 417 467 non
444 427 519 466 nisi
545 427 812 466 coniventibus
838 427 1054 478 inspexisse
1082 427 1213 476 oculis,
1242 428 1383 479 quippe
1407 428 1448 466 in
1474 429 1555 480 qui-

191 496 264 534 bus
299 507 425 534 sermo
452 495 512 533 ‹sit
547 507 625 533 non
660 494 709 534 de
745 491 783 533 εὖ
821 493 1057 543 πεφυκόσιν,
1098 494 1237 545 quibus
1279 495 1424 546 publici
1456 497 1556 535 servi

193 562 342 615 possint
370 561 615 613 aliquomodo
639 560 782 613 opponi
809 558 877 599 sed
905 559 954 599 de
976 556 1016 598 εὖ
1044 560 1232 610 πεφυκόσι
1252 560 1347 611 πρὸς
1365 562 1557 600 πολιτείαν

192 631 216 668 i.
245 643 278 669 e.
308 629 357 668 de
383 629 431 667 iis
460 630 525 681 qui
553 633 644 681 apto
678 632 768 667 sunt
796 628 846 666 ad
879 640 962 666 rem
987 628 1183 679 publicam
1209 628 1424 679 gerendam
1449 630 1556 680 inge-

190 698 268 738 nio.
325 695 425 736 Mihi
451 696 685 737 Plutarchus
720 695 886 748 δημοσίᾳ
921 691 1147 746 γ’ὄνειδίζειν
1174 695 1372 748 scripsisse
1405 696 1559 736 videtur

192 766 420 805 confusione
445 779 523 804 non
557 778 647 804 rara
674 764 778 816 apud
813 764 939 815 ipsum
976 762 1140 802 duarum
1176 777 1275 815 quae
1311 767 1401 803 ante
1428 766 1558 804 oculos

192 833 229 872 ei
254 832 522 881 versabantur,
560 831 734 870 eiusdem
761 830 976 869 sententiae
1011 829 1368 881 conformationum,
1397 845 1558 884 quarum

193 902 317 940 altera
342 903 445 938 erat:
484 899 677 937 πολιτικόν
712 901 814 942 ἐστι,
842 899 895 947 μὴ
921 898 1042 946 μόνον
1069 900 1237 951 δημοσίᾳ
1265 905 1343 944 τοῖς
1371 897 1412 937 εὖ
1441 915 1558 951 πεφυ-

192 963 278 1006 κόσι
309 967 404 1017 πρός
438 967 628 1005 πολιτείαν
656 963 846 1014 ὀνειδίζειν
875 962 963 1004 ἄνευ
999 968 1156 1016 δηγμοῖ,
1193 964 1292 1005 ἀλλὰ
1319 965 1384 1005 καί
1406 967 1557 1021 ἰδίᾳ...

192 1036 340 1075 altera:
381 1032 425 1073 οὗ
462 1033 657 1073 πολιτικόν
696 1034 779 1072 ἐστι
815 1033 984 1085 δημοσίᾳ
1021 1030 1247 1083 γ’ὄνειδίζειν
1287 1030 1374 1072 ἄνευ
1414 1036 1558 1087 δηγμοῦ

192 1109 273 1148 τοῖς
311 1098 350 1141 εὖ
390 1100 578 1152 πεφυκόσι
615 1101 711 1150 πρὸς
747 1102 958 1149 πολιτείαν,
996 1102 1074 1152 ἰδίᾳ
1111 1101 1152 1138 δὲ
1187 1101 1388 1138 ταπεινοῦν
1419 1101 1558 1147 αὐτοῦς

192 1170 335 1219 πικρῶς
361 1166 599 1214 ὀνειδίζοντα.

824 1416 901 1454 454
909 1415 935 1454 b

318 1511 400 1548 Καὶ
424 1508 495 1559 γὰρ
531 1506 771 1559 ὑπερήφανος
799 1508 865 1545 καί
887 1506 1067 1555 αὖθιίδης
1094 1509 1160 1546 καί
1191 1504 1290 1550 ὅλως
1326 1506 1389 1558 ὑφ’
1426 1507 1557 1557 ἑτέρου

194 1576 213 1614 ὃ
244 1579 372 1624 θυμός
400 1575 617 1624 ὃυςκίνητος
647 1570 709 1622 ὧν,
737 1571 858 1621 ὥςπερ
888 1572 1007 1625 ὀχυρὰ
1036 1573 1220 1621 τυραννίς,
1251 1576 1288 1620 ἐξ
1308 1572 1442 1624 ἑαυτῆς
1462 1574 1559 1624 ἔχειν

194 1640 336 1694 ὀφείλει
369 1642 546 1679 σύνοικον
578 1641 642 1679 καί
669 1640 842 1690 συγγενὲς
869 1644 910 1679 τῦ
939 1640 1139 1681 καταλύον.

319 1725 430 1770 Quae
458 1724 507 1762 de
533 1724 606 1763 hoc
631 1723 716 1762 loco
744 1722 975 1762 Benselerus
1000 1723 1177 1763 exaravit
1203 1723 1262 1762 his
1288 1724 1435 1763 verbis:
1465 1724 1559 1773 „Est

193 1790 211 1829 ὃ
241 1791 364 1838 θυμὸς
393 1790 598 1830 delendum
626 1793 665 1829 et
694 1788 714 1838 ἢ
743 1788 848 1838 ψυχὴ
889 1803 940 1829 ex
978 1791 1027 1831 iis
1068 1803 1166 1842 quae
1205 1791 1443 1842 praecedunt
1469 1805 1559 1843 sup-

190 1858 387 1911 plendum,
414 1871 488 1910 quo
517 1858 635 1897 etiam
663 1856 781 1908 ὀχυρὰ
809 1859 983 1907 τυραννίς
1011 1860 1051 1897 et
1068 1858 1241 1910 inprimis
1269 1859 1308 1903 εξ
1325 1857 1460 1907 ἑαυτῆς
1488 1858 1557 1898 du-

191 1926 255 1974 cit,
285 1925 387 1976 quod
414 1914 555 1962 Reisks
572 1924 612 1962 in
641 1928 680 1970 εξ
708 1922 845 1962 ἑαυτοῦ
872 1926 1024 1962 mutare
1041 1925 1202 1973 voluit“,
1229 1925 1374 1963 nemini
1396 1930 1559 1976 possunt

190 2005 269 2031 non
304 2004 491 2031 nauseam
528 1991 845 2043 stomachumque
887 2004 1055 2031 movere.
1121 1991 1224 2031 Nam
1261 1992 1470 2032 Benselero
1514 1997 1559 2033 ut

197 2059 459 2099 condonemus
487 2072 575 2098 eum
602 2072 681 2098 non
707 2060 980 2111 perspexisse,
1007 2072 1086 2099 non
1110 2063 1215 2099 recte
1243 2060 1318 2099 dici
1341 2074 1467 2112 neque
1494 2061 1559 2113 τὴν

191 2125 320 2176 ψυχὴν
348 2140 431 2166 esse
459 2139 529 2179 per
557 2139 598 2166 se
622 2121 870 2179 ὑπερήφανον
893 2130 934 2167 et
951 2127 1017 2180 ὑφ’
1042 2126 1173 2179 ἑτέρου
1198 2127 1417 2177 ὃυςκιίἠτον
1433 2141 1560 2182 neque

199 2206 288 2233 eam
315 2194 457 2233 debere
484 2194 739 2233 καταλύεσθαι
766 2194 886 2246 (quod
913 2195 1005 2247 quid
1037 2195 1111 2234 sibi
1137 2195 1255 2242 velit,
1291 2208 1447 2247 prorsus
1480 2210 1560 2237 non

191 2262 407 2312 intellego),
437 2274 508 2300 nec
536 2261 701 2314 denique
731 2261 872 2301 debere
893 2275 979 2301 eam
1007 2263 1152 2301 habere
1185 2262 1331 2315 aliquid
1360 2263 1558 2302 σύνοικον

193 2332 241 2376 ἐξ
267 2328 417 2378 ἑαυτῆς,
442 2329 518 2367 hoc
539 2332 672 2367 tamen
694 2329 886 2381 quomodo
916 2342 1039 2381 aequo
1060 2330 1144 2381 quis
1175 2330 1303 2369 animo
1321 2329 1434 2377 feret,
1455 2331 1559 2384 quod

193 2409 271 2436 non
298 2397 396 2435 vidit
422 2396 657 2436 Benselerus
685 2409 769 2435 esse
795 2397 924 2436 verbis
954 2392 976 2435 ὁ
1002 2399 1127 2447 θυμὸς
1155 2396 1292 2436 deletis
1320 2394 1372 2437 ὢν
1395 2397 1437 2437 in
1460 2394 1557 2437 οὖσα
