1642 2813
752 147 803 185 39

117 238 198 277 VII.
229 237 350 276 Taciti
376 239 497 277 verba
515 238 655 277 Annal.
683 238 827 278 11.88.·
854 238 1097 285 (Arminius)
1127 239 1335 287 „Romanis
1358 239 1461 277 haud

224 306 387 353 perinde
414 307 588 351 celebris,
619 307 706 344 dum
732 312 866 345 vetera
894 309 1126 354 extollimus,
1159 306 1370 344 recentium
1397 306 1461 342 in-

227 373 394 410 curiosi⁴⁶
424 373 494 411 etsi
530 375 691 412 tolerari
713 386 829 424 posse
863 387 940 412 non
975 375 1218 424 negaverim,
1255 378 1379 411 tamen
1414 373 1462 410 ab

232 451 275 476 eo
298 445 395 487 puto
425 453 505 478 esse
535 443 765 486 „recentium
791 442 1019 479 incuriosis“
1045 443 1243 489 scriptum.

101 506 200 545 VIII.
229 506 408 545 Eiusdem
437 507 562 545 Taciti
588 508 728 547 Histor.
757 508 819 547 IV.
848 510 989 558 capitis
1015 509 1063 546 41
1090 509 1238 546 initium
1258 507 1365 545 haud
1392 506 1464 543 du-

229 575 289 611 bie
317 580 539 623 cor-ruptum
563 581 707 613 rectam
740 577 966 613 sententiam
981 576 1183 624 praebebit
1207 576 1264 612 ita
1289 576 1325 612 si
1346 575 1463 623 leyis:

230 641 415 689 „Senatus
443 642 712 681 inchoantibus
735 644 967 693 primoribus
994 643 1260 681 iusiurandum
1275 642 1465 691 concepit,

231 720 304 757 quo
331 709 519 746 statim“
548 711 614 754 (in
642 711 750 748 libris
778 716 835 748 est
861 712 1121 754 certatim)
1164 721 1317 757 „omnes
1342 711 1464 758 Μαρί-

232 780 393 821 stratus,
431 777 551 814 ceteri
585 781 628 814 ut
670 778 895 815 sententiam
929 778 1194 826 royabantur,
1223 778 1317 814 deos
1354 781 1468 814 testes

235 844 483 881 advocabant
504 872 511 880 .
534 870 541 878 .
565 872 574 882 .

142 910 204 946 IX.
237 909 322 946 Vita
334 909 493 945 Henrici
518 909 581 946 IV.
597 910 840 957 imperatoris
855 915 923 947 aut
948 912 1052 948 mala
1073 915 1115 948 nt
1142 910 1253 947 aiunt
1272 911 1349 958 fide
1363 910 1464 947 scri-

229 981 301 1025 pta
329 981 398 1023 est,
426 977 472 1013 id
497 977 600 1024 quod
627 976 716 1014 mihi
742 978 958 1025 neyandum
986 989 1070 1015 esse
1105 978 1269 1023 videtur,
1297 982 1366 1014 ant
1391 988 1464 1014 ve·-

233 1044 427 1081 hementer
454 1049 683 1081 erraverunt
706 1044 770 1092 qui
805 1056 888 1081 eum
916 1049 1062 1082 tantum
1090 1056 1166 1081 non
1194 1044 1366 1081 omnibus
1400 1044 1463 1080 vi-

235 1111 300 1148 tiis
325 1111 536 1148 immersum
561 1109 682 1156 fuisse
708 1112 996 1149 contenderunt.
