<?xml version="1.0" encoding="UTF-8"?>
<!DOCTYPE html PUBLIC "-//W3C//DTD XHTML 1.0 Transitional//EN"
    "http://www.w3.org/TR/xhtml1/DTD/xhtml1-transitional.dtd">
<html xmlns="http://www.w3.org/1999/xhtml" xml:lang="en" lang="en">
 <head>
  <title>
</title>
<meta http-equiv="Content-Type" content="text/html;charset=utf-8" />
  <meta name='ocr-system' content='tesseract 3.04.00' />
  <meta name='ocr-capabilities' content='ocr_page ocr_carea ocr_par ocr_line ocrx_word'/>
</head>
<body>
  <div class='ocr_page' id='page_1' title='image "4737340_0043.png"; bbox 0 0 1642 2813; ppageno 0'>
   <div class='ocr_carea' id='block_1_1' title="bbox 710 107 760 144">
    <p class='ocr_par' dir='ltr' id='par_1_1' title="bbox 710 107 760 144">
     <span class='ocr_line' id='line_1_1' title="bbox 710 107 760 144; baseline 0 0"><span class='ocrx_word' id='word_1_1' title='bbox 710 107 760 144; x_wconf 86' lang='lat'><strong>33</strong></span> 
     </span>
    </p>
   </div>
   <div class='ocr_carea' id='block_1_2' title="bbox 56 199 1427 581">
    <p class='ocr_par' dir='ltr' id='par_1_2' title="bbox 56 199 1427 581">
     <span class='ocr_line' id='line_1_2' title="bbox 56 199 1420 251; baseline 0 -13"><span class='ocrx_word' id='word_1_2' title='bbox 56 212 214 251; x_wconf 86' lang='lat' dir='ltr'><strong>rumque</strong></span> <span class='ocrx_word' id='word_1_3' title='bbox 240 199 304 238; x_wconf 83' lang='lat' dir='ltr'><strong>vel</strong></span> <span class='ocrx_word' id='word_1_4' title='bbox 330 211 481 249; x_wconf 85' lang='lat' dir='ltr'>semper</span> <span class='ocrx_word' id='word_1_5' title='bbox 505 200 634 249; x_wconf 88' lang='lat' dir='ltr'><strong>potius</strong></span> <span class='ocrx_word' id='word_1_6' title='bbox 662 200 737 238; x_wconf 91' lang='lat' dir='ltr'><strong>nisi</strong></span> <span class='ocrx_word' id='word_1_7' title='bbox 764 200 869 250; x_wconf 90' lang='lat' dir='ltr'><strong>quod</strong></span> <span class='ocrx_word' id='word_1_8' title='bbox 883 201 1108 251; x_wconf 80' lang='lat' dir='ltr'><strong>exemplum</strong></span> <span class='ocrx_word' id='word_1_9' title='bbox 1125 213 1188 239; x_wconf 91' lang='lat' dir='ltr'><strong>me</strong></span> <span class='ocrx_word' id='word_1_10' title='bbox 1213 199 1327 250; x_wconf 79' lang='lat' dir='ltr'><strong>fugit,</strong></span> <span class='ocrx_word' id='word_1_11' title='bbox 1354 212 1420 249; x_wconf 87' lang='lat' dir='ltr'><strong>ge-</strong></span> 
     </span>
     <span class='ocr_line' id='line_1_3' title="bbox 56 264 1425 317; baseline -0.006 -8"><span class='ocrx_word' id='word_1_12' title='bbox 56 268 226 309; x_wconf 82' lang='lat' dir='ltr'><strong>netivum</strong></span> <span class='ocrx_word' id='word_1_13' title='bbox 268 268 380 315; x_wconf 65' lang='lat' dir='ltr'><strong>regat</strong></span> <span class='ocrx_word' id='word_1_14' title='bbox 412 265 496 315; x_wconf 85' lang='lat' dir='ltr'><strong>(cfr.</strong></span> <span class='ocrx_word' id='word_1_15' title='bbox 533 266 645 304; x_wconf 82' lang='lat' dir='ltr'>275b</span> <span class='ocrx_word' id='word_1_16' title='bbox 676 266 869 309; x_wconf 73' lang='grc' dir='ltr'><em>νουνδίνας</em></span> <span class='ocrx_word' id='word_1_17' title='bbox 900 297 907 305; x_wconf 89' lang='grc'><strong>.</strong></span> <span class='ocrx_word' id='word_1_18' title='bbox 935 296 944 306; x_wconf 89' lang='grc'><strong>.</strong></span> <span class='ocrx_word' id='word_1_19' title='bbox 976 296 985 306; x_wconf 83' lang='lat'><strong>.</strong></span> <span class='ocrx_word' id='word_1_20' title='bbox 1024 265 1123 317; x_wconf 75' lang='grc' dir='ltr'>ἱερὰς</span> <span class='ocrx_word' id='word_1_21' title='bbox 1158 268 1227 305; x_wconf 79' lang='grc' dir='ltr'><strong>τοῦ</strong></span> <span class='ocrx_word' id='word_1_22' title='bbox 1256 264 1425 315; x_wconf 77' lang='grc' dir='ltr'><strong>Κρόνου,</strong></span> 
     </span>
     <span class='ocr_line' id='line_1_4' title="bbox 58 328 1426 382; baseline -0.002 -9"><span class='ocrx_word' id='word_1_23' title='bbox 58 336 164 375; x_wconf 85' lang='lat' dir='ltr'>285a</span> <span class='ocrx_word' id='word_1_24' title='bbox 192 335 258 369; x_wconf 82' lang='grc' dir='ltr'><strong>τᾶν</strong></span> <span class='ocrx_word' id='word_1_25' title='bbox 284 332 355 380; x_wconf 83' lang='grc' dir='ltr'><strong>μὲν</strong></span> <span class='ocrx_word' id='word_1_26' title='bbox 382 331 478 380; x_wconf 79' lang='lat' dir='ltr'><strong>(scil.</strong></span> <span class='ocrx_word' id='word_1_27' title='bbox 505 332 623 381; x_wconf 76' lang='grc' dir='ltr'>μῆνα)</span> <span class='ocrx_word' id='word_1_28' title='bbox 645 328 888 381; x_wconf 76' lang='grc' dir='ltr'><em>Ἀφροδίτης,</em></span> <span class='ocrx_word' id='word_1_29' title='bbox 915 331 980 369; x_wconf 83' lang='grc' dir='ltr'><strong>τὸν</strong></span> <span class='ocrx_word' id='word_1_30' title='bbox 1007 331 1047 369; x_wconf 78' lang='grc' dir='ltr'><strong>δὲ</strong></span> <span class='ocrx_word' id='word_1_31' title='bbox 1065 331 1186 382; x_wconf 81' lang='grc' dir='ltr'>Ἤρας</span> <span class='ocrx_word' id='word_1_32' title='bbox 1214 362 1224 373; x_wconf 84' lang='grc'><strong>.</strong></span> <span class='ocrx_word' id='word_1_33' title='bbox 1249 362 1257 369; x_wconf 93' lang='grc'><em>.</em></span> <span class='ocrx_word' id='word_1_34' title='bbox 1282 362 1292 372; x_wconf 82' lang='grc'><strong>.</strong></span> <span class='ocrx_word' id='word_1_35' title='bbox 1325 331 1426 381; x_wconf 79' lang='grc' dir='ltr'>ἱερὸν</span> 
     </span>
     <span class='ocr_line' id='line_1_5' title="bbox 62 395 1426 448; baseline -0.004 -8"><span class='ocrx_word' id='word_1_36' title='bbox 62 401 169 441; x_wconf 80' lang='lat'>2850</span> <span class='ocrx_word' id='word_1_37' title='bbox 190 399 313 448; x_wconf 68' lang='lat' dir='ltr'><strong>‘&#39;Hpac</strong></span> <span class='ocrx_word' id='word_1_38' title='bbox 341 398 382 435; x_wconf 79' lang='grc' dir='ltr'><strong>δὲ</strong></span> <span class='ocrx_word' id='word_1_39' title='bbox 411 397 513 447; x_wconf 77' lang='grc' dir='ltr'>ἱερὸν</span> <span class='ocrx_word' id='word_1_40' title='bbox 538 396 581 435; x_wconf 84' lang='grc' dir='ltr'><strong>τὸ</strong></span> <span class='ocrx_word' id='word_1_41' title='bbox 620 396 726 447; x_wconf 73' lang='grc' dir='ltr'><em>δόρυ,</em></span> <span class='ocrx_word' id='word_1_42' title='bbox 762 397 875 435; x_wconf 85' lang='lat' dir='ltr'><strong>320d</strong></span> <span class='ocrx_word' id='word_1_43' title='bbox 904 396 1003 447; x_wconf 77' lang='grc' dir='ltr'>ἱερᾶς</span> <span class='ocrx_word' id='word_1_44' title='bbox 1030 424 1041 436; x_wconf 87' lang='grc'><strong>.</strong></span> <span class='ocrx_word' id='word_1_45' title='bbox 1068 427 1079 438; x_wconf 79' lang='grc'><strong>.</strong></span> <span class='ocrx_word' id='word_1_46' title='bbox 1106 427 1114 435; x_wconf 93' lang='grc'><strong>.</strong></span> <span class='ocrx_word' id='word_1_47' title='bbox 1155 396 1257 447; x_wconf 73' lang='grc' dir='ltr'>ὄρνις</span> <span class='ocrx_word' id='word_1_48' title='bbox 1276 395 1426 448; x_wconf 68' lang='grc' dir='ltr'><strong>”Αρεος,</strong></span> 
     </span>
     <span class='ocr_line' id='line_1_6' title="bbox 64 463 1427 514; baseline -0.004 -7"><span class='ocrx_word' id='word_1_49' title='bbox 64 469 168 507; x_wconf 82' lang='lat'>3640</span> <span class='ocrx_word' id='word_1_50' title='bbox 192 464 379 511; x_wconf 69' lang='grc' dir='ltr'><em>Ὀσίριδος</em></span> <span class='ocrx_word' id='word_1_51' title='bbox 418 465 458 501; x_wconf 75' lang='grc' dir='ltr'><strong>δὲ</strong></span> <span class='ocrx_word' id='word_1_52' title='bbox 497 463 598 512; x_wconf 81' lang='grc' dir='ltr'>ἱερὸν</span> <span class='ocrx_word' id='word_1_53' title='bbox 634 464 732 513; x_wconf 84' lang='lat' dir='ltr'><strong>(scil.</strong></span> <span class='ocrx_word' id='word_1_54' title='bbox 769 467 881 513; x_wconf 81' lang='grc' dir='ltr'>βοῦν)</span> <span class='ocrx_word' id='word_1_55' title='bbox 918 465 1035 502; x_wconf 80' lang='lat' dir='ltr'><strong>379d</strong></span> <span class='ocrx_word' id='word_1_56' title='bbox 1069 465 1169 514; x_wconf 80' lang='grc' dir='ltr'>ἶερόν</span> <span class='ocrx_word' id='word_1_57' title='bbox 1198 463 1427 514; x_wconf 76' lang='grc' dir='ltr'><em>Ἀφροδίτης</em></span> 
     </span>
     <span class='ocr_line' id='line_1_7' title="bbox 68 524 1210 581; baseline -0.002 -11"><span class='ocrx_word' id='word_1_58' title='bbox 68 535 173 580; x_wconf 82' lang='grc' dir='ltr'><em>ζῶον,</em></span> <span class='ocrx_word' id='word_1_59' title='bbox 201 528 307 567; x_wconf 86' lang='lat' dir='ltr'><strong>391f</strong></span> <span class='ocrx_word' id='word_1_60' title='bbox 333 524 355 578; x_wconf 70' lang='grc' dir='ltr'><em>ἦ</em></span> <span class='ocrx_word' id='word_1_61' title='bbox 381 528 451 579; x_wconf 79' lang='grc' dir='ltr'><strong>γὰρ</strong></span> <span class='ocrx_word' id='word_1_62' title='bbox 478 528 559 581; x_wconf 78' lang='grc' dir='ltr'><strong>ἱερὰ</strong></span> <span class='ocrx_word' id='word_1_63' title='bbox 585 531 653 567; x_wconf 82' lang='grc' dir='ltr'><strong>τοῦ</strong></span> <span class='ocrx_word' id='word_1_64' title='bbox 680 530 922 574; x_wconf 82' lang='grc' dir='ltr'><em>Ἀπόλλωνος</em></span> <span class='ocrx_word' id='word_1_65' title='bbox 948 529 1112 579; x_wconf 71' lang='grc' dir='ltr'><em>ἑβδομὰς</em></span> <span class='ocrx_word' id='word_1_66' title='bbox 1139 533 1210 569; x_wconf 82' lang='lat' dir='ltr'><strong>etc.</strong></span> 
     </span>
    </p>
   </div>
   <div class='ocr_carea' id='block_1_3' title="bbox 687 745 800 784">
    <p class='ocr_par' dir='ltr' id='par_1_3' title="bbox 687 745 800 784">
     <span class='ocr_line' id='line_1_8' title="bbox 687 745 800 784; baseline 0 0"><span class='ocrx_word' id='word_1_67' title='bbox 687 746 761 784; x_wconf 80' lang='lat'><strong>758</strong></span> <span class='ocrx_word' id='word_1_68' title='bbox 773 745 800 784; x_wconf 90' lang='lat' dir='ltr'><strong>f.</strong></span> 
     </span>
    </p>
   </div>
   <div class='ocr_carea' id='block_1_4' title="bbox 64 832 1430 2046">
    <p class='ocr_par' dir='ltr' id='par_1_4' title="bbox 68 832 1426 956">
     <span class='ocr_line' id='line_1_9' title="bbox 189 832 1426 888; baseline -0.002 -11"><span class='ocrx_word' id='word_1_69' title='bbox 189 838 211 888; x_wconf 78' lang='grc' dir='ltr'>ἦ</span> <span class='ocrx_word' id='word_1_70' title='bbox 239 840 281 877; x_wconf 74' lang='grc' dir='ltr'><strong>δὲ</strong></span> <span class='ocrx_word' id='word_1_71' title='bbox 309 832 525 888; x_wconf 74' lang='grc' dir='ltr'><em>ἀρειμάνιος</em></span> <span class='ocrx_word' id='word_1_72' title='bbox 550 835 645 888; x_wconf 74' lang='grc' dir='ltr'><strong>αὕτη</strong></span> <span class='ocrx_word' id='word_1_73' title='bbox 672 838 851 888; x_wconf 77' lang='grc' dir='ltr'><strong>λεγομένη</strong></span> <span class='ocrx_word' id='word_1_74' title='bbox 876 839 941 876; x_wconf 79' lang='grc' dir='ltr'><em>καί</em></span> <span class='ocrx_word' id='word_1_75' title='bbox 966 840 1149 887; x_wconf 67' lang='grc' dir='ltr'><strong>πολεμικὴ</strong></span> <span class='ocrx_word' id='word_1_76' title='bbox 1178 837 1275 887; x_wconf 86' lang='lat' dir='ltr'><strong>(scil.</strong></span> <span class='ocrx_word' id='word_1_77' title='bbox 1292 836 1426 887; x_wconf 73' lang='grc' dir='ltr'>μανιά)</span> 
     </span>
     <span class='ocr_line' id='line_1_10' title="bbox 68 901 1372 956; baseline -0.002 -12"><span class='ocrx_word' id='word_1_78' title='bbox 68 907 178 944; x_wconf 74' lang='grc' dir='ltr'>παντὶ</span> <span class='ocrx_word' id='word_1_79' title='bbox 204 907 318 953; x_wconf 76' lang='grc' dir='ltr'><strong>δῆλον</strong></span> <span class='ocrx_word' id='word_1_80' title='bbox 346 901 404 941; x_wconf 80' lang='grc' dir='ltr'><strong>ὅτι</strong></span> <span class='ocrx_word' id='word_1_81' title='bbox 432 906 484 956; x_wconf 77' lang='grc' dir='ltr'><strong>τῷ</strong></span> <span class='ocrx_word' id='word_1_82' title='bbox 509 906 582 956; x_wconf 71' lang='grc' dir='ltr'><strong>θεῷ</strong></span> <span class='ocrx_word' id='word_1_83' title='bbox 610 901 752 943; x_wconf 78' lang='grc' dir='ltr'>ἆνίεται</span> <span class='ocrx_word' id='word_1_84' title='bbox 784 906 848 943; x_wconf 82' lang='grc' dir='ltr'><em>καί</em></span> <span class='ocrx_word' id='word_1_85' title='bbox 871 905 1092 954; x_wconf 68' lang='grc' dir='ltr'><strong>βακχεύεται</strong></span> <span class='ocrx_word' id='word_1_86' title='bbox 1121 902 1256 954; x_wconf 72' lang='grc' dir='ltr'>ἄχαριν</span> <span class='ocrx_word' id='word_1_87' title='bbox 1283 934 1292 943; x_wconf 83' lang='grc'><strong>.</strong></span> <span class='ocrx_word' id='word_1_88' title='bbox 1322 933 1330 943; x_wconf 82' lang='grc'><strong>.</strong></span> <span class='ocrx_word' id='word_1_89' title='bbox 1363 933 1372 942; x_wconf 92' lang='grc'><strong>.</strong></span> 
     </span>
    </p>

    <p class='ocr_par' dir='ltr' id='par_1_5' title="bbox 64 985 1430 2046">
     <span class='ocr_line' id='line_1_11' title="bbox 190 985 1427 1038; baseline 0 -14"><span class='ocrx_word' id='word_1_90' title='bbox 190 986 304 1031; x_wconf 86' lang='lat' dir='ltr'><strong>Quod</strong></span> <span class='ocrx_word' id='word_1_91' title='bbox 329 985 655 1037; x_wconf 83' lang='lat' dir='ltr'><strong>Wyttenbachius</strong></span> <span class='ocrx_word' id='word_1_92' title='bbox 692 1000 713 1025; x_wconf 89' lang='lat' dir='ltr'><strong>e</strong></span> <span class='ocrx_word' id='word_1_93' title='bbox 746 988 965 1026; x_wconf 85' lang='lat' dir='ltr'><strong>coniectura</strong></span> <span class='ocrx_word' id='word_1_94' title='bbox 1002 990 1260 1038; x_wconf 78' lang='lat' dir='ltr'>proposuerat</span> <span class='ocrx_word' id='word_1_95' title='bbox 1294 987 1427 1025; x_wconf 90' lang='lat' dir='ltr'><strong>Dueb-</strong></span> 
     </span>
     <span class='ocr_line' id='line_1_12' title="bbox 65 1050 1426 1107; baseline -0.002 -13"><span class='ocrx_word' id='word_1_96' title='bbox 65 1065 255 1105; x_wconf 79' lang='lat' dir='ltr'><strong>uerusque</strong></span> <span class='ocrx_word' id='word_1_97' title='bbox 282 1065 304 1092; x_wconf 90' lang='lat' dir='ltr'><strong>e</strong></span> <span class='ocrx_word' id='word_1_98' title='bbox 340 1052 535 1092; x_wconf 80' lang='lat' dir='ltr'>codicibus</span> <span class='ocrx_word' id='word_1_99' title='bbox 569 1052 677 1092; x_wconf 91' lang='lat' dir='ltr'><strong>dedit</strong></span> <span class='ocrx_word' id='word_1_100' title='bbox 717 1050 790 1107; x_wconf 77' lang='grc' dir='ltr'><strong>ὅτῳ</strong></span> <span class='ocrx_word' id='word_1_101' title='bbox 818 1055 895 1107; x_wconf 66' lang='grc' dir='ltr'><strong>θεῷ</strong></span> <span class='ocrx_word' id='word_1_102' title='bbox 930 1052 1071 1093; x_wconf 72' lang='grc' dir='ltr'>ἆνιέται</span> <span class='ocrx_word' id='word_1_103' title='bbox 1095 1052 1303 1093; x_wconf 89' lang='lat' dir='ltr'><strong>Benselero</strong></span> <span class='ocrx_word' id='word_1_104' title='bbox 1338 1064 1426 1105; x_wconf 89' lang='lat' dir='ltr'><strong>pro-</strong></span> 
     </span>
     <span class='ocr_line' id='line_1_13' title="bbox 68 1119 1427 1175; baseline -0.001 -14"><span class='ocrx_word' id='word_1_105' title='bbox 68 1126 153 1175; x_wconf 91' lang='lat' dir='ltr'><strong>pter</strong></span> <span class='ocrx_word' id='word_1_106' title='bbox 177 1121 325 1160; x_wconf 80' lang='lat' dir='ltr'><strong>hiatum</strong></span> <span class='ocrx_word' id='word_1_107' title='bbox 359 1123 464 1160; x_wconf 87' lang='lat' dir='ltr'><strong>recte</strong></span> <span class='ocrx_word' id='word_1_108' title='bbox 496 1133 574 1160; x_wconf 91' lang='lat' dir='ltr'><strong>non</strong></span> <span class='ocrx_word' id='word_1_109' title='bbox 600 1122 745 1173; x_wconf 77' lang='lat' dir='ltr'><strong>placuit</strong></span> <span class='ocrx_word' id='word_1_110' title='bbox 782 1134 865 1161; x_wconf 87' lang='lat' dir='ltr'><strong>esse</strong></span> <span class='ocrx_word' id='word_1_111' title='bbox 893 1121 1021 1173; x_wconf 87' lang='lat' dir='ltr'><strong>potius</strong></span> <span class='ocrx_word' id='word_1_112' title='bbox 1050 1120 1109 1160; x_wconf 78' lang='grc' dir='ltr'><strong>ὅτι</strong></span> <span class='ocrx_word' id='word_1_113' title='bbox 1135 1125 1201 1160; x_wconf 80' lang='grc' dir='ltr'><strong>τὸν</strong></span> <span class='ocrx_word' id='word_1_114' title='bbox 1228 1121 1317 1160; x_wconf 67' lang='grc' dir='ltr'><strong>θεὸν</strong></span> <span class='ocrx_word' id='word_1_115' title='bbox 1344 1119 1427 1159; x_wconf 76' lang='grc' dir='ltr'>ἄνι’-</span> 
     </span>
     <span class='ocr_line' id='line_1_14' title="bbox 64 1188 1425 1240; baseline -0.001 -13"><span class='ocrx_word' id='word_1_116' title='bbox 64 1205 125 1227; x_wconf 87' lang='grc' dir='ltr'><strong>ται</strong></span> <span class='ocrx_word' id='word_1_117' title='bbox 159 1189 367 1240; x_wconf 86' lang='lat' dir='ltr'><strong>legendum</strong></span> <span class='ocrx_word' id='word_1_118' title='bbox 403 1188 576 1227; x_wconf 79' lang='lat' dir='ltr'>censenti</span> <span class='ocrx_word' id='word_1_119' title='bbox 610 1192 675 1237; x_wconf 88' lang='lat' dir='ltr'><strong>„ut</strong></span> <span class='ocrx_word' id='word_1_120' title='bbox 712 1189 780 1227; x_wconf 82' lang='lat' dir='ltr'><strong>sit:</strong></span> <span class='ocrx_word' id='word_1_121' title='bbox 820 1189 923 1239; x_wconf 92' lang='lat' dir='ltr'><strong>quod</strong></span> <span class='ocrx_word' id='word_1_122' title='bbox 957 1188 1074 1227; x_wconf 90' lang='lat' dir='ltr'><strong>deum</strong></span> <span class='ocrx_word' id='word_1_123' title='bbox 1107 1188 1209 1238; x_wconf 77' lang='lat' dir='ltr'><strong>(scil.</strong></span> <span class='ocrx_word' id='word_1_124' title='bbox 1243 1188 1425 1236; x_wconf 87' lang='lat' dir='ltr'><strong>Martem)</strong></span> 
     </span>
     <span class='ocr_line' id='line_1_15' title="bbox 68 1254 1427 1305; baseline 0 -11"><span class='ocrx_word' id='word_1_125' title='bbox 68 1255 223 1295; x_wconf 79' lang='lat' dir='ltr'><strong>dimittit</strong></span> <span class='ocrx_word' id='word_1_126' title='bbox 251 1255 447 1303; x_wconf 82' lang='lat' dir='ltr'><strong>(nostrum</strong></span> <span class='ocrx_word' id='word_1_127' title='bbox 475 1254 731 1305; x_wconf 85' lang='lat' dir='ltr'><strong>entsendet).“</strong></span> <span class='ocrx_word' id='word_1_128' title='bbox 791 1254 1044 1294; x_wconf 85' lang='lat' dir='ltr'><strong>Aristotelem</strong></span> <span class='ocrx_word' id='word_1_129' title='bbox 1078 1258 1182 1295; x_wconf 88' lang='lat' dir='ltr'><strong>certe</strong></span> <span class='ocrx_word' id='word_1_130' title='bbox 1209 1256 1326 1294; x_wconf 83' lang='lat' dir='ltr'><strong>etiam</strong></span> <span class='ocrx_word' id='word_1_131' title='bbox 1353 1256 1427 1294; x_wconf 89' lang='lat' dir='ltr'><strong>hoc</strong></span> 
     </span>
     <span class='ocr_line' id='line_1_16' title="bbox 66 1321 1428 1372; baseline -0.001 -12"><span class='ocrx_word' id='word_1_132' title='bbox 66 1322 180 1360; x_wconf 84' lang='lat' dir='ltr'><strong>verbo</strong></span> <span class='ocrx_word' id='word_1_133' title='bbox 217 1321 342 1359; x_wconf 81' lang='lat' dir='ltr'><strong>active</strong></span> <span class='ocrx_word' id='word_1_134' title='bbox 376 1334 447 1372; x_wconf 88' lang='lat' dir='ltr'><strong>pro</strong></span> <span class='ocrx_word' id='word_1_135' title='bbox 488 1324 697 1371; x_wconf 80' lang='lat' dir='ltr'><strong>dimittere,</strong></span> <span class='ocrx_word' id='word_1_136' title='bbox 741 1324 891 1360; x_wconf 81' lang='lat' dir='ltr'><strong>solvere</strong></span> <span class='ocrx_word' id='word_1_137' title='bbox 929 1334 1014 1360; x_wconf 88' lang='lat' dir='ltr'><strong>esse</strong></span> <span class='ocrx_word' id='word_1_138' title='bbox 1049 1334 1174 1359; x_wconf 88' lang='lat' dir='ltr'><strong>usum.</strong></span> <span class='ocrx_word' id='word_1_139' title='bbox 1236 1321 1351 1365; x_wconf 83' lang='lat' dir='ltr'><strong>Quod</strong></span> <span class='ocrx_word' id='word_1_140' title='bbox 1385 1325 1428 1359; x_wconf 93' lang='lat' dir='ltr'><strong>ut</strong></span> 
     </span>
     <span class='ocr_line' id='line_1_17' title="bbox 65 1387 1427 1441; baseline 0.001 -13"><span class='ocrx_word' id='word_1_141' title='bbox 65 1401 196 1428; x_wconf 86' lang='lat' dir='ltr'><strong>verum</strong></span> <span class='ocrx_word' id='word_1_142' title='bbox 223 1402 308 1428; x_wconf 85' lang='lat' dir='ltr'><strong>esse</strong></span> <span class='ocrx_word' id='word_1_143' title='bbox 335 1388 481 1440; x_wconf 83' lang='lat' dir='ltr'><strong>largiar</strong></span> <span class='ocrx_word' id='word_1_144' title='bbox 509 1387 726 1441; x_wconf 84' lang='lat' dir='ltr'><strong>eademque</strong></span> <span class='ocrx_word' id='word_1_145' title='bbox 750 1388 923 1441; x_wconf 90' lang='lat' dir='ltr'><strong>potuisse</strong></span> <span class='ocrx_word' id='word_1_146' title='bbox 951 1388 1229 1441; x_wconf 87' lang='lat' dir='ltr'><strong>significatione</strong></span> <span class='ocrx_word' id='word_1_147' title='bbox 1247 1389 1320 1428; x_wconf 88' lang='lat' dir='ltr'><strong>hoc</strong></span> <span class='ocrx_word' id='word_1_148' title='bbox 1341 1401 1427 1429; x_wconf 80' lang='lat' dir='ltr'><strong>ver-</strong></span> 
     </span>
     <span class='ocr_line' id='line_1_18' title="bbox 65 1455 1428 1505; baseline 0.001 -12"><span class='ocrx_word' id='word_1_149' title='bbox 65 1455 154 1493; x_wconf 89' lang='lat' dir='ltr'><strong>bum</strong></span> <span class='ocrx_word' id='word_1_150' title='bbox 181 1468 204 1493; x_wconf 89' lang='lat' dir='ltr'>a</span> <span class='ocrx_word' id='word_1_151' title='bbox 230 1456 440 1494; x_wconf 85' lang='lat' dir='ltr'>Plutarcho</span> <span class='ocrx_word' id='word_1_152' title='bbox 468 1456 655 1505; x_wconf 83' lang='lat' dir='ltr'><strong>adhiberi,</strong></span> <span class='ocrx_word' id='word_1_153' title='bbox 683 1459 814 1494; x_wconf 83' lang='lat' dir='ltr'><strong>nostro</strong></span> <span class='ocrx_word' id='word_1_154' title='bbox 839 1459 972 1494; x_wconf 85' lang='lat' dir='ltr'><strong>tamen</strong></span> <span class='ocrx_word' id='word_1_155' title='bbox 997 1457 1082 1495; x_wconf 91' lang='lat' dir='ltr'><strong>loco</strong></span> <span class='ocrx_word' id='word_1_156' title='bbox 1109 1456 1309 1494; x_wconf 88' lang='lat' dir='ltr'><strong>Benseleri</strong></span> <span class='ocrx_word' id='word_1_157' title='bbox 1338 1468 1428 1495; x_wconf 91' lang='lat' dir='ltr'><strong>con-</strong></span> 
     </span>
     <span class='ocr_line' id='line_1_19' title="bbox 65 1521 1428 1576; baseline 0 -15"><span class='ocrx_word' id='word_1_158' title='bbox 65 1521 208 1562; x_wconf 84' lang='lat' dir='ltr'><strong>iectura</strong></span> <span class='ocrx_word' id='word_1_159' title='bbox 235 1536 319 1563; x_wconf 84' lang='lat' dir='ltr'><strong>esse</strong></span> <span class='ocrx_word' id='word_1_160' title='bbox 346 1523 540 1563; x_wconf 88' lang='lat' dir='ltr'><strong>medelam</strong></span> <span class='ocrx_word' id='word_1_161' title='bbox 566 1523 727 1562; x_wconf 84' lang='lat' dir='ltr'><strong>allatam</strong></span> <span class='ocrx_word' id='word_1_162' title='bbox 753 1523 859 1562; x_wconf 90' lang='lat' dir='ltr'><strong>nullo</strong></span> <span class='ocrx_word' id='word_1_163' title='bbox 875 1536 1034 1576; x_wconf 86' lang='lat' dir='ltr'><strong>possum</strong></span> <span class='ocrx_word' id='word_1_164' title='bbox 1059 1523 1174 1563; x_wconf 93' lang='lat' dir='ltr'><strong>modo</strong></span> <span class='ocrx_word' id='word_1_165' title='bbox 1203 1523 1428 1573; x_wconf 87' lang='lat' dir='ltr'><strong>concedere,</strong></span> 
     </span>
     <span class='ocr_line' id='line_1_20' title="bbox 69 1589 1428 1642; baseline 0.001 -15"><span class='ocrx_word' id='word_1_166' title='bbox 69 1589 208 1641; x_wconf 89' lang='lat' dir='ltr'><strong>quippe</strong></span> <span class='ocrx_word' id='word_1_167' title='bbox 236 1603 311 1642; x_wconf 86' lang='lat' dir='ltr'><strong>qua</strong></span> <span class='ocrx_word' id='word_1_168' title='bbox 337 1604 493 1642; x_wconf 86' lang='lat' dir='ltr'><strong>prorsus</strong></span> <span class='ocrx_word' id='word_1_169' title='bbox 528 1591 764 1630; x_wconf 84' lang='lat' dir='ltr'><strong>contrarium</strong></span> <span class='ocrx_word' id='word_1_170' title='bbox 792 1591 942 1630; x_wconf 85' lang='lat' dir='ltr'><strong>dicatur</strong></span> <span class='ocrx_word' id='word_1_171' title='bbox 969 1603 1015 1629; x_wconf 85' lang='lat' dir='ltr'><strong>ac</strong></span> <span class='ocrx_word' id='word_1_172' title='bbox 1049 1591 1152 1642; x_wconf 93' lang='lat' dir='ltr'><strong>quod</strong></span> <span class='ocrx_word' id='word_1_173' title='bbox 1186 1591 1263 1629; x_wconf 91' lang='lat' dir='ltr'><strong>dici</strong></span> <span class='ocrx_word' id='word_1_174' title='bbox 1301 1591 1428 1640; x_wconf 88' lang='lat' dir='ltr'><strong>debet,</strong></span> 
     </span>
     <span class='ocr_line' id='line_1_21' title="bbox 70 1654 1430 1710; baseline 0.003 -16"><span class='ocrx_word' id='word_1_175' title='bbox 70 1668 92 1694; x_wconf 83' lang='lat' dir='ltr'><strong>a</strong></span> <span class='ocrx_word' id='word_1_176' title='bbox 115 1654 240 1696; x_wconf 86' lang='lat' dir='ltr'><strong>Marte</strong></span> <span class='ocrx_word' id='word_1_177' title='bbox 272 1670 413 1710; x_wconf 89' lang='lat' dir='ltr'><strong>nempe</strong></span> <span class='ocrx_word' id='word_1_178' title='bbox 448 1658 590 1697; x_wconf 86' lang='lat' dir='ltr'><strong>dimitti</strong></span> <span class='ocrx_word' id='word_1_179' title='bbox 616 1658 774 1698; x_wconf 86' lang='lat' dir='ltr'><strong>tertium</strong></span> <span class='ocrx_word' id='word_1_180' title='bbox 799 1658 910 1697; x_wconf 91' lang='lat' dir='ltr'><strong>illum</strong></span> <span class='ocrx_word' id='word_1_181' title='bbox 933 1658 1111 1698; x_wconf 84' lang='lat' dir='ltr'><strong>furorem.</strong></span> <span class='ocrx_word' id='word_1_182' title='bbox 1168 1658 1292 1697; x_wconf 83' lang='lat' dir='ltr'><strong>Obest</strong></span> <span class='ocrx_word' id='word_1_183' title='bbox 1319 1670 1430 1710; x_wconf 80' lang='lat' dir='ltr'><strong>prae-</strong></span> 
     </span>
     <span class='ocr_line' id='line_1_22' title="bbox 68 1723 1428 1775; baseline 0.002 -15"><span class='ocrx_word' id='word_1_184' title='bbox 68 1725 172 1761; x_wconf 74' lang='lat' dir='ltr'><strong>terea</strong></span> <span class='ocrx_word' id='word_1_185' title='bbox 203 1724 262 1762; x_wconf 82' lang='lat' dir='ltr'><strong>illi</strong></span> <span class='ocrx_word' id='word_1_186' title='bbox 298 1726 529 1764; x_wconf 70' lang='lat' dir='ltr'><strong>constructio</strong></span> <span class='ocrx_word' id='word_1_187' title='bbox 568 1723 726 1775; x_wconf 69' lang='grc' dir='ltr'>(ἀνίεται</span> <span class='ocrx_word' id='word_1_188' title='bbox 763 1726 828 1763; x_wconf 81' lang='grc' dir='ltr'><strong>τὸν</strong></span> <span class='ocrx_word' id='word_1_189' title='bbox 864 1727 953 1763; x_wconf 76' lang='grc' dir='ltr'>θεᾶν</span> <span class='ocrx_word' id='word_1_190' title='bbox 993 1726 1057 1763; x_wconf 79' lang='grc' dir='ltr'><em>καί</em></span> <span class='ocrx_word' id='word_1_191' title='bbox 1094 1726 1314 1774; x_wconf 75' lang='grc' dir='ltr'><strong>βακχεύεται</strong></span> <span class='ocrx_word' id='word_1_192' title='bbox 1348 1724 1428 1763; x_wconf 78' lang='lat' dir='ltr'><strong>scil.</strong></span> 
     </span>
     <span class='ocr_line' id='line_1_23' title="bbox 68 1789 1429 1844; baseline 0.001 -17"><span class='ocrx_word' id='word_1_193' title='bbox 68 1789 119 1842; x_wconf 76' lang='grc' dir='ltr'><strong>τῷ</strong></span> <span class='ocrx_word' id='word_1_194' title='bbox 146 1791 236 1842; x_wconf 73' lang='grc' dir='ltr'><strong>θεῷ)</strong></span> <span class='ocrx_word' id='word_1_195' title='bbox 264 1791 488 1831; x_wconf 86' lang='lat' dir='ltr'><strong>insolentior</strong></span> <span class='ocrx_word' id='word_1_196' title='bbox 515 1805 631 1844; x_wconf 84' lang='lat' dir='ltr'><strong>quam</strong></span> <span class='ocrx_word' id='word_1_197' title='bbox 659 1804 757 1844; x_wconf 84' lang='lat' dir='ltr'><strong>quae</strong></span> <span class='ocrx_word' id='word_1_198' title='bbox 785 1804 807 1830; x_wconf 88' lang='lat' dir='ltr'><strong>e</strong></span> <span class='ocrx_word' id='word_1_199' title='bbox 835 1791 1053 1831; x_wconf 87' lang='lat' dir='ltr'><strong>coniectura</strong></span> <span class='ocrx_word' id='word_1_200' title='bbox 1089 1793 1188 1831; x_wconf 89' lang='lat' dir='ltr'><strong>bene</strong></span> <span class='ocrx_word' id='word_1_201' title='bbox 1220 1792 1343 1844; x_wconf 79' lang='lat' dir='ltr'><strong>possit</strong></span> <span class='ocrx_word' id='word_1_202' title='bbox 1369 1803 1429 1829; x_wconf 89' lang='lat' dir='ltr'><strong>re-</strong></span> 
     </span>
     <span class='ocr_line' id='line_1_24' title="bbox 69 1855 1429 1911; baseline 0.004 -18"><span class='ocrx_word' id='word_1_203' title='bbox 69 1855 243 1907; x_wconf 87' lang='lat' dir='ltr'><strong>cipienda</strong></span> <span class='ocrx_word' id='word_1_204' title='bbox 266 1858 539 1898; x_wconf 87' lang='lat' dir='ltr'><strong>commendari.</strong></span> <span class='ocrx_word' id='word_1_205' title='bbox 592 1859 648 1898; x_wconf 80' lang='lat' dir='ltr'><strong>At</strong></span> <span class='ocrx_word' id='word_1_206' title='bbox 675 1860 756 1897; x_wconf 87' lang='lat' dir='ltr'><strong>fere</strong></span> <span class='ocrx_word' id='word_1_207' title='bbox 778 1871 858 1898; x_wconf 91' lang='lat' dir='ltr'><strong>non</strong></span> <span class='ocrx_word' id='word_1_208' title='bbox 880 1862 1012 1911; x_wconf 89' lang='lat' dir='ltr'><strong>potest</strong></span> <span class='ocrx_word' id='word_1_209' title='bbox 1033 1872 1121 1898; x_wconf 87' lang='lat' dir='ltr'><strong>mea</strong></span> <span class='ocrx_word' id='word_1_210' title='bbox 1145 1860 1337 1898; x_wconf 84' lang='lat' dir='ltr'><strong>sententia</strong></span> <span class='ocrx_word' id='word_1_211' title='bbox 1361 1859 1429 1897; x_wconf 95' lang='lat' dir='ltr'><strong>du-</strong></span> 
     </span>
     <span class='ocr_line' id='line_1_25' title="bbox 69 1921 1429 1977; baseline 0.004 -18"><span class='ocrx_word' id='word_1_212' title='bbox 69 1921 192 1972; x_wconf 81' lang='lat' dir='ltr'><strong>bitari,</strong></span> <span class='ocrx_word' id='word_1_213' title='bbox 221 1926 314 1976; x_wconf 89' lang='lat' dir='ltr'><strong>quin</strong></span> <span class='ocrx_word' id='word_1_214' title='bbox 343 1926 556 1977; x_wconf 84' lang='lat' dir='ltr'><strong>etymologi</strong></span> <span class='ocrx_word' id='word_1_215' title='bbox 579 1926 786 1977; x_wconf 87' lang='lat' dir='ltr'><strong>gloriolam</strong></span> <span class='ocrx_word' id='word_1_216' title='bbox 812 1927 854 1965; x_wconf 86' lang='lat' dir='ltr'><strong>in</strong></span> <span class='ocrx_word' id='word_1_217' title='bbox 877 1939 972 1965; x_wconf 85' lang='lat' dir='ltr'><strong>voce</strong></span> <span class='ocrx_word' id='word_1_218' title='bbox 1000 1924 1242 1976; x_wconf 75' lang='grc' dir='ltr'><strong>ἆρει-μάνιος</strong></span> <span class='ocrx_word' id='word_1_219' title='bbox 1268 1929 1429 1977; x_wconf 83' lang='lat' dir='ltr'><strong>captans</strong></span> 
     </span>
     <span class='ocr_line' id='line_1_26' title="bbox 69 1986 1429 2046; baseline 0.004 -21"><span class='ocrx_word' id='word_1_220' title='bbox 69 1986 297 2030; x_wconf 75' lang='lat' dir='ltr'><strong>Plutarchus</strong></span> <span class='ocrx_word' id='word_1_221' title='bbox 325 1992 521 2043; x_wconf 72' lang='lat' dir='ltr'><strong>scripserit</strong></span> <span class='ocrx_word' id='word_1_222' title='bbox 550 1992 623 2046; x_wconf 75' lang='grc' dir='ltr'><strong>ὅτῳ</strong></span> <span class='ocrx_word' id='word_1_223' title='bbox 651 1994 726 2044; x_wconf 72' lang='grc' dir='ltr'><strong>θεῷ</strong></span> <span class='ocrx_word' id='word_1_224' title='bbox 747 1995 919 2042; x_wconf 75' lang='grc' dir='ltr'>μαίνεται</span> <span class='ocrx_word' id='word_1_225' title='bbox 947 1994 1012 2031; x_wconf 85' lang='grc' dir='ltr'><em>καί</em></span> <span class='ocrx_word' id='word_1_226' title='bbox 1043 1997 1165 2043; x_wconf 81' lang='grc' dir='ltr'>βακχ.,</span> <span class='ocrx_word' id='word_1_227' title='bbox 1192 1993 1303 2032; x_wconf 75' lang='lat' dir='ltr'><strong>hiatu</strong></span> <span class='ocrx_word' id='word_1_228' title='bbox 1330 1997 1429 2042; x_wconf 83' lang='grc' dir='ltr'>βακ-</span> 
     </span>
    </p>
   </div>
   <div class='ocr_carea' id='block_1_5' title="bbox 68 2055 1430 2175">
    <p class='ocr_par' dir='ltr' id='par_1_6' title="bbox 68 2055 1430 2175">
     <span class='ocr_line' id='line_1_27' title="bbox 68 2055 1430 2113; baseline 0.005 -20"><span class='ocrx_word' id='word_1_229' title='bbox 68 2055 215 2101; x_wconf 75' lang='grc' dir='ltr'>χεύεται</span> <span class='ocrx_word' id='word_1_230' title='bbox 241 2057 388 2110; x_wconf 74' lang='grc' dir='ltr'>ἄχαριν,</span> <span class='ocrx_word' id='word_1_231' title='bbox 415 2060 519 2112; x_wconf 92' lang='lat' dir='ltr'><strong>quod</strong></span> <span class='ocrx_word' id='word_1_232' title='bbox 545 2060 625 2100; x_wconf 92' lang='lat' dir='ltr'><strong>noli</strong></span> <span class='ocrx_word' id='word_1_233' title='bbox 646 2060 946 2113; x_wconf 85' lang='lat' dir='ltr'><strong>praetervidere,</strong></span> <span class='ocrx_word' id='word_1_234' title='bbox 976 2074 1046 2100; x_wconf 85' lang='lat' dir='ltr'><strong>sua</strong></span> <span class='ocrx_word' id='word_1_235' title='bbox 1072 2061 1193 2100; x_wconf 85' lang='lat' dir='ltr'><strong>verba</strong></span> <span class='ocrx_word' id='word_1_236' title='bbox 1216 2061 1265 2100; x_wconf 85' lang='lat' dir='ltr'><strong>ab</strong></span> <span class='ocrx_word' id='word_1_237' title='bbox 1294 2060 1430 2100; x_wconf 82' lang='lat' dir='ltr'><strong>alienis</strong></span> 
     </span>
     <span class='ocr_line' id='line_1_28' title="bbox 70 2121 285 2175; baseline 0.028 -16"><span class='ocrx_word' id='word_1_238' title='bbox 70 2121 285 2175; x_wconf 70' lang='lat' dir='ltr'><strong>seiungens.</strong></span> 
     </span>
    </p>
   </div>
  </div>
 </body>
</html>
