1642 2813
838 123 889 161 20

180 217 302 268 iungi.
357 217 506 257 Verum
533 217 556 268 ἧ
590 217 764 267 εἰρημένη
798 216 901 256 αἰτία
934 215 976 255 in
1011 227 1058 255 ea
1092 217 1155 255 est
1188 214 1414 267 quaestione
1448 225 1547 266 quae

175 296 278 323 nunc
304 282 458 335 quidem
487 282 672 335 sequitur,
701 281 794 320 olim
819 280 926 320 haud
952 279 1068 320 dubie
1090 281 1302 333 praecessit
1318 281 1540 322 vicesimam

179 353 368 403 quartam.
431 350 521 391 Hac
557 352 661 391 enim
699 349 881 390 vicesima
918 349 1053 401 quinta
1088 349 1279 401 explicat,
1314 362 1442 389 rorem
1479 348 1546 401 qui

177 431 249 469 per
276 419 399 470 frigus
426 418 495 456 fiat
522 419 563 469 (i.
592 431 627 457 e.
654 417 861 470 pruinam),
887 416 1179 468 indagationem
1195 416 1366 456 ferarum
1380 416 1545 456 reddere

178 486 388 534 difficilem,
427 499 520 525 nam
547 485 671 537 frigus
705 484 968 536 constringere
994 484 1036 524 in
1061 497 1148 524 rore
1174 484 1332 535 odores,
1368 484 1434 537 qui
1468 484 1543 524 nisi

176 557 407 592 moveantur
436 553 581 603 (calore
609 553 730 603 solis),
767 564 845 590 non
871 552 1022 603 possint
1057 552 1216 604 percipi.
1277 552 1353 590 His
1389 551 1544 591 demum

177 620 363 672 expositis
398 623 504 660 recte
534 621 662 672 potuit
687 621 728 660 in
753 619 855 659 hunc
881 619 1239 672 modum'pergere:
1268 620 1397 666 Quare
1424 620 1543 660 etiam

177 688 278 726 circa
302 687 517 738 plenilunia
553 688 711 727 minime
745 687 980 738 indagantur
1012 699 1034 726 e
1068 687 1242 738 vestigiis
1269 687 1387 727 ferae.
1440 687 1544 727 Nam

176 755 391 807 plenilunia
426 768 554 795 rorem
590 758 780 807 spargunt
815 754 879 807 qui
914 757 954 793 et
987 767 1058 806 per
1094 768 1137 794 se
1162 755 1370 806 languidus
1396 758 1455 795 est
1481 754 1543 805 (οὕ

179 828 278 860 κινεῖ
308 822 375 873 τὴν
412 820 644 874 ὄσφρησιν),
681 826 720 862 et
755 823 882 863 calore
917 823 1032 862 lunae
1068 835 1208 875 parum
1247 822 1376 863 valido
1409 822 1545 875 nequit

175 889 329 930 auferri.

277 957 344 997 Ad
370 958 520 998 hiatum
545 958 751 1014 redeuntes
778 961 901 998 restat
926 961 970 997 ut
997 958 1046 998 de
1071 957 1111 998 vi
1133 970 1279 1010 pausae
1313 958 1439 1011 deque
1474 958 1543 998 ali-

177 1038 338 1065 enorum
373 1027 581 1066 verborum
607 1027 759 1065 ratione
803 1039 827 1065 a
861 1025 1069 1064 Plutarcho
1112 1025 1316 1064 citatorum
1358 1025 1543 1065 dicamus.

173 1092 379 1132 Vocalium
406 1105 626 1142 concursus,
662 1092 727 1144 qui
750 1104 877 1144 pausa
912 1104 1029 1144 quam
1063 1094 1205 1131 vocant
1238 1091 1410 1131 maxima
1445 1092 1543 1131 fiunt

172 1161 458 1210 intercedente,
494 1160 585 1199 ferri
620 1172 736 1211 posse
772 1161 1078 1199 consentaneum
1111 1162 1191 1210 est,
1235 1172 1469 1212 quamquam
1501 1159 1542 1199 hi

174 1242 326 1282 quoque
354 1229 627 1281 expectatione
655 1230 745 1267 sunt
778 1228 955 1267 rariores.
998 1227 1134 1273 ,Multo
1160 1227 1264 1280 quod
1295 1228 1434 1267 mirere
1461 1240 1542 1268 cre-

171 1298 320 1337 briores
347 1297 476 1336 hiatus
504 1299 594 1336 sunt
627 1297 730 1336 inter
755 1295 931 1335 membra
967 1296 1208 1347 singulorum
1242 1296 1540 1345 enuntiatorum,

171 1378 271 1417 quae
298 1365 362 1404 vel
387 1364 586 1416 particulis
613 1367 657 1402 ut
688 1365 738 1403 49
756 1376 778 1402 e
815 1362 859 1402 οὗ
892 1366 963 1413 γὰρ
994 1366 1055 1402 δεῖ
1074 1362 1281 1413 βλαβέντας
1321 1363 1540 1411 αἰσθέσθαι,

168 1428 257 1470 ἄλλ’
286 1430 389 1477 ὅπως
415 1431 469 1481 μὴ
492 1433 694 1481 βλαβῶμεν
722 1432 919 1482 ἐμπειρώιν
947 1435 1075 1479 λαβεῖν
1088 1433 1149 1479 4⁹),
1177 1430 1263 1469 281)
1292 1430 1365 1475 ἕξει
1388 1430 1429 1467 δὲ
1456 1430 1540 1479 (λο-

169 1497 252 1548 γον)
280 1494 397 1547 ἄνπερ
421 1495 592 1546 χρηστὸν
625 1493 663 1548 ᾗ
689 1494 736 1534 ἄν
764 1497 896 1544 ὁ“ὲ...,
931 1495 996 1534 vel
1030 1495 1113 1534 sola
1150 1495 1191 1534 vi
1226 1496 1439 1535 sentcntiae
1465 1495 1539 1535 sibi

171 1566 432 1616 opponuntur,
459 1566 505 1603 ut
532 1563 642 1602 171d
663 1560 876 1612 )Ὰμηστρις
891 1591 901 1601 .
918 1590 954 1613 .,
982 1561 1127 1601 δώδεκα
1154 1561 1365 1612 κατώρυξεν
1389 1562 1540 1612 ἀνθρω-

168 1648 263 1677 πους
292 1634 512 1680 ζῶντας...
538 1633 590 1684 τῷ
626 1628 710 1683 ᾅδῃ.
740 1628 784 1669 ὃν
820 1629 944 1681 (atqui
977 1629 1156 1679 eundem)
1195 1627 1214 1668 ὃ
1248 1630 1415 1669 Πλάτων
1442 1630 1542 1682 φησί

168 1699 440 1749 φιλάνθρωκον
469 1695 559 1736 ὄντα
573 1727 582 1737 .
600 1727 609 1736 .
626 1727 635 1736 .
660 1710 823 1748 quorum
847 1698 1052 1749 plerosque
1079 1710 1166 1737 cum
1185 1696 1339 1737 videam
1355 1698 1539 1738 facillime

166 1766 341 1816 potuisse
369 1765 525 1815 evitari,
552 1765 801 1804 temerarium
827 1767 958 1804 tamen
986 1777 1070 1803 esse
1098 1764 1146 1803 dc
1175 1765 1350 1804 omnibus
1368 1766 1538 1816 cogitare

167 1832 418 1883 corrigendis,
444 1833 523 1873 iam
551 1832 716 1871 dixerim
749 1832 1005 1872 Plutarchum
1032 1832 1254 1885 ceteroquin
1287 1832 1415 1872 hiatus
1451 1846 1538 1873 oso-

164 1912 248 1939 rem
273 1900 469 1939 intcrdum
497 1912 586 1938 eum
611 1900 743 1938 dedita
770 1912 890 1951 opera
917 1899 1162 1952 quaesivisse,
1189 1902 1233 1939 ut
1267 1900 1445 1939 insolitus
1480 1901 1537 1939 le-

165 1970 312 2006 ctorem
354 1980 471 2006 sonus
515 1969 709 2006 attentum
750 1966 897 2006 faceret
941 1968 1006 2006 vel
1046 1967 1087 2005 in
1133 1970 1257 2006 totam
1303 1968 1536 2008 sententiam

164 2035 227 2074 vel
252 2035 294 2074 in
320 2034 486 2086 primum
514 2034 596 2073 eius
621 2033 866 2074 vocabulum.
933 2033 1024 2073 Huc
1051 2035 1170 2085 igitur
1195 2034 1443 2075 referendum
1470 2038 1532 2075 est

165 2101 270 2152 quod
294 2102 438 2153 legitur
471 2101 550 2140 97f
579 2103 614 2140 εἰ
643 2099 689 2139 τὰ
723 2103 790 2150 τῆς
826 2101 1027 2150 εὐβουλίας
1054 2101 1146 2152 ἔργα
1169 2103 1236 2152 τῆς
1271 2103 1387 2152 τύχης
1413 2105 1535 2141 δικαι-

289 2215 346 2256 49)
371 2215 429 2247 981
457 2216 502 2246 cd
523 2217 615 2257 igitur
635 2216 687 2247 ubi
711 2215 1030 2256 apudWytt.legimus
1054 2215 1102 2247 ου’
1121 2217 1189 2259 γὰρ
1213 2217 1335 2258 τρέφει
1358 2216 1441 2256 κήτη
1466 2215 1534 2248 ἄλλ’

164 2271 186 2311 ἤ
208 2272 355 2313 φώκην.
370 2295 398 2304 ..
424 2274 485 2304 καὶ
509 2271 657 2314 δελφῖνα
680 2283 772 2304 unum
794 2283 901 2304 verum
924 2278 970 2304 est
991 2296 1000 2304 .
1015 2297 1021 2304 .
1037 2295 1046 2304 .
1070 2274 1193 2314 τρέφει
1219 2272 1316 2312 κήτη,
1340 2273 1409 2305 ἄλλ’
1432 2273 1456 2312 ›1'
1478 2297 1486 2306 .
1503 2296 1535 2306 ..

163 2331 244 2372 quod
267 2331 325 2362 iam
349 2341 366 2362 a
381 2331 537 2373 Xylandro
560 2331 669 2363 lectum
692 2338 723 2364 ut
744 2332 846 2364 versio
867 2332 932 2363 eius
955 2331 1057 2372 prodit
1077 2330 1177 2373 („non
1199 2333 1279 2363 enim
1301 2337 1369 2364 cete
1391 2332 1434 2364 ibi
1455 2338 1533 2373 sunt,

161 2390 216 2420 sed
238 2390 404 2421 duntaxat.
423 2412 432 2421 .
447 2412 454 2421 .
477 2390 607 2429 phocam
631 2396 661 2421 ct
678 2414 685 2423 .
701 2413 709 2423 .
723 2413 732 2422 .
755 2390 926 2430 delphinem
947 2389 1087 2430 habev‘),
1110 2389 1291 2423 Benselerus
1311 2392 1398 2432 quusi
1418 2401 1436 2422 e
1454 2400 1532 2423 con-

161 2447 277 2479 iectura
299 2449 461 2488 proposuit
485 2448 688 2490 codicumque
711 2448 795 2479 iussu
816 2448 948 2480 restituit
968 2448 1157 2480 Duebncrus.
