1642 2813
705 112 762 153 291

68 222 279 267 paucorum
319 207 523 247 verborum
557 205 695 258 spatio.
757 204 815 245 At
846 203 1097 253 Plutarchus,
1138 201 1172 242 si
1205 201 1307 241 bene
1340 212 1428 239 eum

68 277 178 326 novi,
219 273 390 326 scripsit:
432 269 492 310 ὅτι
524 272 576 322 τῷ
709 285 824 317 τινες,
866 267 1070 320 ἀπέχονται
1104 268 1308 319 δ’ἐκείνης,
1344 265 1428 305 ἀλλ’

70 344 223 385 ἀπὸ...

684 554 758 593 433
772 553 821 594 bc

197 652 238 690 ἐν
259 647 448 701 Ὀλυμπίᾳ
472 650 540 698 τὴν
561 646 703 698 τέφραν
730 645 1034 696 πρυςπλάττουσι
1060 647 1113 697 τῷ
1139 645 1256 698 βωμῷ
1284 645 1350 683 καί
1370 658 1434 681 πε-

80 715 350 771 ριπηγνύουσιν
378 716 418 754 ἐκ
445 717 512 753 τοῦ
534 711 713 766 Ἀλφειοῦ
740 715 987 764 παραχέοντες
1011 710 1124 763 ὕδωρ,
1153 711 1270 765 ἑτέρῳ
1297 712 1339 751 δὲ
1356 726 1435 750 πει-

78 783 239 835 ρώμενοι
266 783 428 833 ποταμῷ
456 781 580 820 οὐδενὶ
611 783 786 820 δύνανται
813 787 1031 831 συναγαγεῖν
1050 778 1137 818 οὐδὲ
1164 782 1349 827 κολλῆσαι
1366 781 1435 827 τὴν

77 848 229 902 τέφραν.

200 930 280 968 Hic
305 930 445 968 iterum
471 930 618 969 nodum
645 930 749 982 quod
775 931 883 969 aiunt
907 931 948 969 in
974 931 1097 981 scirpo
1125 929 1315 981 quaesivit
1331 929 1435 967 Ben-

79 998 235 1049 selerus,
270 996 420 1043 ἆτόπως
446 1009 517 1037 nos
543 996 754 1037 admonens
780 996 984 1049 πειρᾶσθαι
1027 997 1163 1047 „modo
1190 1010 1277 1036 cum
1303 996 1434 1036 dativo

81 1065 213 1115 strui“‚
241 1064 274 1102 si
301 1063 537 1114 significetur
564 1071 715 1103 certare
743 1078 826 1103 cum
852 1067 991 1114 aliquo.
1046 1064 1160 1109 Quod
1187 1063 1289 1103 enim
1313 1064 1436 1115 impe-

81 1132 136 1171 dit
162 1131 365 1183 quominus
407 1130 458 1169 ad
485 1131 707 1180 πειρώμενοι
741 1131 806 1171 vel
830 1129 1089 1181 περιπηγνύειν
1115 1143 1137 1170 e
1169 1130 1436 1183 praecedenti-

80 1200 151 1238 bus
186 1199 249 1238 vel
282 1211 305 1238 e
341 1198 591 1251 sequentibus
630 1202 850 1248 συναγαγεῖν
889 1197 1240 1250 subintellegatur?
1294 1199 1437 1238 Hiatus

83 1269 212 1306 autem
238 1279 326 1305 cum
350 1266 502 1315 flagitet
528 1265 793 1315 mutationem,
821 1265 1000 1317 equidem
1025 1264 1163 1316 ἑτέρων
1189 1268 1229 1306 δὲ
1256 1266 1439 1316 πειρώμε-

82 1348 139 1371 νοι
165 1334 346 1379 ποταμῶν
374 1331 500 1370 οὗδενί
525 1361 532 1369 .
564 1361 573 1369 .
601 1361 610 1370 .
644 1332 946 1371 Benselerianae
975 1333 1217 1372 coniecturae
1245 1334 1372 1383 ἕτερον
1399 1333 1440 1370 δὲ

85 1414 181 1450 πειρ.
210 1401 383 1448 ποταμὸν
411 1398 537 1439 οὖδένί
560 1429 572 1442 .
600 1428 609 1437 .
639 1432 648 1441 .
674 1400 974 1452 praeposuerim.
1005 1413 1008 1416 ’

711 1620 820 1659 795b

218 1710 366 1750 Τούτου
395 1712 437 1751 δὲ
464 1710 756 1763 πολιτικώτερον
781 1712 835 1764 μὴ
861 1712 979 1761 μόνον
1006 1714 1186 1764 ἐμφανῶς
1212 1714 1308 1762 μηδὲ
1331 1714 1446 1762 δημο-

89 1777 154 1829 σίᾳ
183 1777 372 1826 ὄνειδιζειν
399 1776 485 1817 ἄνευ
515 1780 684 1827 ὃηγμόυ.
701 1808 711 1818 .
730 1808 740 1818 .
768 1781 1046 1829 ταπεινοῦντος,
1072 1778 1171 1819 ἀλλὰ
1197 1782 1345 1828 μᾶλλον
1366 1779 1445 1831 ἰδίᾳ

88 1848 166 1889 τοῖς
192 1840 231 1883 εὖ
256 1839 446 1896 πεφυκόσι
471 1847 567 1896 προς
595 1846 784 1885 πολιτείαν
810 1844 1141 1894 ὑποτιθέμενος...

208 1925 351 1966 Mirare
376 1927 440 1966 hic
464 1940 608 1980 quaeso
636 1928 810 1981 ineptam
835 1927 1036 1969 Benseleri
1063 1929 1339 1979 subtilitatem,
1380 1929 1447 1982 qui

94 1995 223 2040 „cum“
254 1995 310 2034 ait
339 1994 441 2047 „Zffc'gae
467 1995 509 2034 in
535 2008 641 2048 sequ.
660 1996 708 2046 ⁶⁸)
746 1996 892 2035 habeat
918 1995 1011 2048 quid
1045 1996 1120 2035 sibi
1140 1996 1192 2035 sit
1217 1996 1449 2049 oppositum,

92 2059 176 2100 dico
205 2062 382 2112 ἐμφανῶς
408 2061 507 2102 illud
536 2070 614 2110 τοῖς
641 2059 681 2102 εὖ
710 2063 865 2102 πευκόσι
892 2076 971 2103 non
996 2063 1122 2103 minus
1149 2063 1302 2104 videtur
1329 2077 1449 2117 oppo-

91 2127 207 2168 situm
234 2130 326 2182 quid
353 2129 587 2171 desiderare.
648 2130 880 2171 Plutarchus
907 2131 1026 2184 igitur
1051 2145 1121 2184 pro
1149 2131 1245 2181 μηδὲ
1282 2132 1449 2182 δημοσίᾳ

93 2195 292 2247 scripsisse
318 2198 489 2238 videtur:
516 2199 613 2246 μηδὲ
641 2199 840 2247 δημοσιοις
867 2213 914 2237 ne
939 2202 1105 2249 publicis
1133 2202 1281 2250 quidem
1308 2199 1450 2238 servis“

93 2260 248 2313 Ergone
284 2277 420 2304 senum
457 2268 517 2305 est
551 2266 829 2318 rempublicam
863 2266 1083 2318 gerentium
1112 2267 1285 2319 publicos
1320 2277 1451 2305 servos

219 2393 276 2435 68)
298 2395 329 2425 in
351 2396 604 2435 praecedentibus
624 2395 720 2428 voluit
740 2396 854 2429 dicere.

1614 111 1621 121 ψ

1626 117 1642 141 2⁶!
