<?xml version="1.0" encoding="UTF-8"?>
<!DOCTYPE html PUBLIC "-//W3C//DTD XHTML 1.0 Transitional//EN"
    "http://www.w3.org/TR/xhtml1/DTD/xhtml1-transitional.dtd">
<html xmlns="http://www.w3.org/1999/xhtml" xml:lang="en" lang="en">
 <head>
  <title>
</title>
<meta http-equiv="Content-Type" content="text/html;charset=utf-8" />
  <meta name='ocr-system' content='tesseract 3.04.00' />
  <meta name='ocr-capabilities' content='ocr_page ocr_carea ocr_par ocr_line ocrx_word'/>
</head>
<body>
  <div class='ocr_page' id='page_1' title='image "4737340_0016.png"; bbox 0 0 1642 2813; ppageno 0'>
   <div class='ocr_carea' id='block_1_1' title="bbox 846 76 872 116">
    <p class='ocr_par' dir='ltr' id='par_1_1' title="bbox 846 76 872 116">
     <span class='ocr_line' id='line_1_1' title="bbox 846 76 872 116; baseline 0 0"><span class='ocrx_word' id='word_1_1' title='bbox 846 76 872 116; x_wconf 82' lang='lat'><strong>6</strong></span> 
     </span>
    </p>
   </div>
   <div class='ocr_carea' id='block_1_2' title="bbox 173 168 1548 2033">
    <p class='ocr_par' dir='ltr' id='par_1_2' title="bbox 173 168 1545 688">
     <span class='ocr_line' id='line_1_2' title="bbox 174 168 1544 222; baseline -0.001 -12"><span class='ocrx_word' id='word_1_2' title='bbox 174 171 312 210; x_wconf 88' lang='lat' dir='ltr'><strong>Plures</strong></span> <span class='ocrx_word' id='word_1_3' title='bbox 338 170 467 209; x_wconf 79' lang='lat' dir='ltr'><strong>hiatus</strong></span> <span class='ocrx_word' id='word_1_4' title='bbox 493 169 598 210; x_wconf 86' lang='lat' dir='ltr'><strong>idem</strong></span> <span class='ocrx_word' id='word_1_5' title='bbox 625 170 714 220; x_wconf 80' lang='lat' dir='ltr'><strong>alia,</strong></span> <span class='ocrx_word' id='word_1_6' title='bbox 739 181 855 222; x_wconf 86' lang='lat' dir='ltr'><strong>quam</strong></span> <span class='ocrx_word' id='word_1_7' title='bbox 884 182 959 222; x_wconf 82' lang='lat' dir='ltr'><strong>qua</strong></span> <span class='ocrx_word' id='word_1_8' title='bbox 985 168 1219 210; x_wconf 85' lang='lat' dir='ltr'><strong>Benselerus</strong></span> <span class='ocrx_word' id='word_1_9' title='bbox 1245 169 1369 210; x_wconf 84' lang='lat' dir='ltr'><strong>voluit</strong></span> <span class='ocrx_word' id='word_1_10' title='bbox 1395 169 1544 210; x_wconf 85' lang='lat' dir='ltr'><strong>ratione</strong></span> 
     </span>
     <span class='ocr_line' id='line_1_3' title="bbox 173 233 1544 290; baseline 0.001 -13"><span class='ocrx_word' id='word_1_11' title='bbox 173 239 349 288; x_wconf 83' lang='lat' dir='ltr'><strong>removit,</strong></span> <span class='ocrx_word' id='word_1_12' title='bbox 375 238 519 290; x_wconf 83' lang='lat' dir='ltr'><strong>quippe</strong></span> <span class='ocrx_word' id='word_1_13' title='bbox 547 238 613 289; x_wconf 91' lang='lat' dir='ltr'><strong>qui</strong></span> <span class='ocrx_word' id='word_1_14' title='bbox 639 239 714 276; x_wconf 89' lang='grc'><strong>918</strong></span> <span class='ocrx_word' id='word_1_15' title='bbox 744 238 768 276; x_wconf 87' lang='lat' dir='ltr'><strong>d</strong></span> <span class='ocrx_word' id='word_1_16' title='bbox 795 251 864 289; x_wconf 87' lang='lat' dir='ltr'><strong>pro</strong></span> <span class='ocrx_word' id='word_1_17' title='bbox 893 238 1052 288; x_wconf 85' lang='lat' dir='ltr'><strong>vulgato</strong></span> <span class='ocrx_word' id='word_1_18' title='bbox 1081 236 1231 286; x_wconf 65' lang='grc' dir='ltr'><strong>ἱστορεῖ</strong></span> <span class='ocrx_word' id='word_1_19' title='bbox 1251 233 1318 274; x_wconf 81' lang='grc' dir='ltr'><strong>οὖν</strong></span> <span class='ocrx_word' id='word_1_20' title='bbox 1345 242 1385 278; x_wconf 88' lang='lat' dir='ltr'><strong>et</strong></span> <span class='ocrx_word' id='word_1_21' title='bbox 1398 238 1544 277; x_wconf 85' lang='lat' dir='ltr'><strong>Bense-</strong></span> 
     </span>
     <span class='ocr_line' id='line_1_4' title="bbox 174 301 1545 357; baseline 0 -14"><span class='ocrx_word' id='word_1_22' title='bbox 174 305 246 343; x_wconf 90' lang='lat' dir='ltr'><strong>leri</strong></span> <span class='ocrx_word' id='word_1_23' title='bbox 274 304 422 354; x_wconf 66' lang='grc' dir='ltr'><strong><em>ἱστορεῖ</em></strong></span> <span class='ocrx_word' id='word_1_24' title='bbox 444 301 549 342; x_wconf 75' lang='grc' dir='ltr'><strong>ὸόῧν</strong></span> <span class='ocrx_word' id='word_1_25' title='bbox 574 317 595 344; x_wconf 93' lang='lat' dir='ltr'><strong>e</strong></span> <span class='ocrx_word' id='word_1_26' title='bbox 613 305 809 344; x_wconf 83' lang='lat' dir='ltr'>codicibus</span> <span class='ocrx_word' id='word_1_27' title='bbox 836 304 987 344; x_wconf 79' lang='lat' dir='ltr'><strong>dederit</strong></span> <span class='ocrx_word' id='word_1_28' title='bbox 1014 305 1087 344; x_wconf 78' lang='grc' dir='ltr'><strong><em>ἱστ.</em></strong></span> <span class='ocrx_word' id='word_1_29' title='bbox 1116 306 1207 355; x_wconf 77' lang='grc' dir='ltr'>γοῦν</span> <span class='ocrx_word' id='word_1_30' title='bbox 1235 308 1275 344; x_wconf 91' lang='lat' dir='ltr'><strong>et</strong></span> <span class='ocrx_word' id='word_1_31' title='bbox 1300 307 1348 344; x_wconf 85' lang='lat'><strong>92</strong></span> <span class='ocrx_word' id='word_1_32' title='bbox 1378 306 1420 345; x_wconf 89' lang='lat' dir='ltr'><strong>ef</strong></span> <span class='ocrx_word' id='word_1_33' title='bbox 1441 305 1545 357; x_wconf 90' lang='lat' dir='ltr'><strong>quod</strong></span> 
     </span>
     <span class='ocr_line' id='line_1_5' title="bbox 174 368 1542 424; baseline -0.004 -12"><span class='ocrx_word' id='word_1_34' title='bbox 174 374 293 424; x_wconf 82' lang='lat' dir='ltr'><strong>vulgo</strong></span> <span class='ocrx_word' id='word_1_35' title='bbox 317 374 461 423; x_wconf 77' lang='lat' dir='ltr'><strong>legitur</strong></span> <span class='ocrx_word' id='word_1_36' title='bbox 488 373 694 422; x_wconf 80' lang='grc' dir='ltr'><strong><em>παρέχουσι</em></strong></span> <span class='ocrx_word' id='word_1_37' title='bbox 732 373 882 419; x_wconf 83' lang='grc' dir='ltr'><em>μᾶλλον</em></span> <span class='ocrx_word' id='word_1_38' title='bbox 917 369 1005 421; x_wconf 68' lang='grc' dir='ltr'>ἡμῖν</span> <span class='ocrx_word' id='word_1_39' title='bbox 1042 370 1076 408; x_wconf 82' lang='grc' dir='ltr'><strong>οἱ</strong></span> <span class='ocrx_word' id='word_1_40' title='bbox 1112 372 1247 420; x_wconf 76' lang='grc' dir='ltr'><strong><em>ἐχθροί</em></strong></span> <span class='ocrx_word' id='word_1_41' title='bbox 1281 368 1542 420; x_wconf 75' lang='grc' dir='ltr'><strong><em>ἀσχημονοῦν-</em></strong></span> 
     </span>
     <span class='ocr_line' id='line_1_6' title="bbox 178 435 1544 488; baseline -0.004 -10"><span class='ocrx_word' id='word_1_42' title='bbox 178 456 234 485; x_wconf 72' lang='grc' dir='ltr'><strong>τες</strong></span> <span class='ocrx_word' id='word_1_43' title='bbox 263 439 447 488; x_wconf 74' lang='grc' dir='ltr'><strong><em>αἴσθησιν</em></strong></span> <span class='ocrx_word' id='word_1_44' title='bbox 471 439 681 478; x_wconf 78' lang='lat' dir='ltr'><strong>mutaverit</strong></span> <span class='ocrx_word' id='word_1_45' title='bbox 706 439 747 477; x_wconf 89' lang='lat' dir='ltr'><strong>in</strong></span> <span class='ocrx_word' id='word_1_46' title='bbox 772 440 921 485; x_wconf 77' lang='grc' dir='ltr'><em>μᾶλλον</em></span> <span class='ocrx_word' id='word_1_47' title='bbox 958 435 1045 487; x_wconf 69' lang='grc' dir='ltr'>ἡμῖν</span> <span class='ocrx_word' id='word_1_48' title='bbox 1083 436 1119 474; x_wconf 82' lang='grc' dir='ltr'><strong>οἱ</strong></span> <span class='ocrx_word' id='word_1_49' title='bbox 1147 436 1282 488; x_wconf 69' lang='grc' dir='ltr'><em>ἐχθροὶ</em></span> <span class='ocrx_word' id='word_1_50' title='bbox 1312 438 1544 484; x_wconf 74' lang='grc' dir='ltr'><strong><em>παρέχουσιν</em></strong></span> 
     </span>
     <span class='ocr_line' id='line_1_7' title="bbox 175 503 1543 555; baseline -0.003 -13"><span class='ocrx_word' id='word_1_51' title='bbox 175 506 355 555; x_wconf 76' lang='grc' dir='ltr'><strong><em>αἰσθησιν</em></strong></span> <span class='ocrx_word' id='word_1_52' title='bbox 381 505 686 554; x_wconf 72' lang='grc' dir='ltr'><strong><em>ἀσχημονοῦντες</em></strong></span> <span class='ocrx_word' id='word_1_53' title='bbox 700 505 766 554; x_wconf 85' lang='lat'><strong>¹³),</strong></span> <span class='ocrx_word' id='word_1_54' title='bbox 805 503 908 555; x_wconf 92' lang='lat' dir='ltr'><strong>quod</strong></span> <span class='ocrx_word' id='word_1_55' title='bbox 934 503 967 542; x_wconf 89' lang='lat' dir='ltr'><strong>si</strong></span> <span class='ocrx_word' id='word_1_56' title='bbox 999 503 1084 555; x_wconf 91' lang='lat' dir='ltr'><strong>quis</strong></span> <span class='ocrx_word' id='word_1_57' title='bbox 1112 516 1134 542; x_wconf 94' lang='lat' dir='ltr'><strong>e</strong></span> <span class='ocrx_word' id='word_1_58' title='bbox 1161 503 1381 542; x_wconf 85' lang='lat' dir='ltr'><strong>coniectura</strong></span> <span class='ocrx_word' id='word_1_59' title='bbox 1402 514 1543 554; x_wconf 91' lang='lat' dir='ltr'><strong>propo-</strong></span> 
     </span>
     <span class='ocr_line' id='line_1_8' title="bbox 175 569 1543 621; baseline -0.001 -12"><span class='ocrx_word' id='word_1_60' title='bbox 175 571 327 619; x_wconf 82' lang='lat' dir='ltr'><strong>suisset,</strong></span> <span class='ocrx_word' id='word_1_61' title='bbox 359 583 410 609; x_wconf 93' lang='lat' dir='ltr'><strong>ne</strong></span> <span class='ocrx_word' id='word_1_62' title='bbox 434 571 545 609; x_wconf 91' lang='lat' dir='ltr'><strong>illum</strong></span> <span class='ocrx_word' id='word_1_63' title='bbox 581 583 713 609; x_wconf 85' lang='lat' dir='ltr'><strong>omnes</strong></span> <span class='ocrx_word' id='word_1_64' title='bbox 748 571 958 608; x_wconf 77' lang='lat' dir='ltr'><strong>imfflanem</strong></span> <span class='ocrx_word' id='word_1_65' title='bbox 989 572 1120 608; x_wconf 84' lang='lat' dir='ltr'><strong>textus</strong></span> <span class='ocrx_word' id='word_1_66' title='bbox 1155 569 1374 609; x_wconf 81' lang='lat' dir='ltr'><strong>vitiatorem</strong></span> <span class='ocrx_word' id='word_1_67' title='bbox 1409 569 1543 621; x_wconf 86' lang='lat' dir='ltr'><strong>appel-</strong></span> 
     </span>
     <span class='ocr_line' id='line_1_9' title="bbox 177 637 400 688; baseline -0.004 -12"><span class='ocrx_word' id='word_1_68' title='bbox 177 638 324 676; x_wconf 85' lang='lat' dir='ltr'><strong>lassent</strong></span> <span class='ocrx_word' id='word_1_69' title='bbox 343 637 400 688; x_wconf 76' lang='lat'>¹¹²).</span> 
     </span>
    </p>

    <p class='ocr_par' dir='ltr' id='par_1_3' title="bbox 173 702 1546 1493">
     <span class='ocr_line' id='line_1_10' title="bbox 298 702 1545 755; baseline 0 -12"><span class='ocrx_word' id='word_1_70' title='bbox 298 704 386 743; x_wconf 91' lang='lat' dir='ltr'><strong>Iam</strong></span> <span class='ocrx_word' id='word_1_71' title='bbox 423 716 557 743; x_wconf 91' lang='lat' dir='ltr'><strong>eorum</strong></span> <span class='ocrx_word' id='word_1_72' title='bbox 597 703 662 755; x_wconf 93' lang='lat' dir='ltr'><strong>qui</strong></span> <span class='ocrx_word' id='word_1_73' title='bbox 696 705 846 742; x_wconf 88' lang='lat' dir='ltr'><strong>restant</strong></span> <span class='ocrx_word' id='word_1_74' title='bbox 880 702 1057 741; x_wconf 88' lang='lat' dir='ltr'><strong>hiatuum</strong></span> <span class='ocrx_word' id='word_1_75' title='bbox 1093 702 1185 755; x_wconf 92' lang='lat' dir='ltr'><strong>quin</strong></span> <span class='ocrx_word' id='word_1_76' title='bbox 1216 715 1361 754; x_wconf 85' lang='lat' dir='ltr'><strong>magna</strong></span> <span class='ocrx_word' id='word_1_77' title='bbox 1394 716 1485 754; x_wconf 89' lang='lat' dir='ltr'><strong>pars</strong></span> <span class='ocrx_word' id='word_1_78' title='bbox 1521 717 1545 743; x_wconf 89' lang='lat' dir='ltr'><strong>a</strong></span> 
     </span>
     <span class='ocr_line' id='line_1_11' title="bbox 174 770 1544 823; baseline 0.001 -14"><span class='ocrx_word' id='word_1_79' title='bbox 174 771 304 811; x_wconf 87' lang='lat' dir='ltr'><strong>futuro</strong></span> <span class='ocrx_word' id='word_1_80' title='bbox 331 771 540 810; x_wconf 83' lang='lat' dir='ltr'>Moralium</span> <span class='ocrx_word' id='word_1_81' title='bbox 567 770 715 810; x_wconf 86' lang='lat' dir='ltr'><strong>editore</strong></span> <span class='ocrx_word' id='word_1_82' title='bbox 742 770 917 809; x_wconf 85' lang='lat' dir='ltr'><strong>veritatis</strong></span> <span class='ocrx_word' id='word_1_83' title='bbox 954 783 975 809; x_wconf 93' lang='lat' dir='ltr'><strong>e</strong></span> <span class='ocrx_word' id='word_1_84' title='bbox 1011 770 1206 811; x_wconf 81' lang='lat' dir='ltr'><strong>codicibus</strong></span> <span class='ocrx_word' id='word_1_85' title='bbox 1230 770 1270 810; x_wconf 90' lang='lat' dir='ltr'><strong>in</strong></span> <span class='ocrx_word' id='word_1_86' title='bbox 1304 771 1430 810; x_wconf 91' lang='lat' dir='ltr'><strong>lucem</strong></span> <span class='ocrx_word' id='word_1_87' title='bbox 1455 783 1544 823; x_wconf 88' lang='lat' dir='ltr'><strong>pro-</strong></span> 
     </span>
     <span class='ocr_line' id='line_1_12' title="bbox 173 837 1544 890; baseline 0.001 -14"><span class='ocrx_word' id='word_1_88' title='bbox 173 838 359 878; x_wconf 86' lang='lat' dir='ltr'><strong>ferendae</strong></span> <span class='ocrx_word' id='word_1_89' title='bbox 379 838 552 877; x_wconf 82' lang='lat' dir='ltr'><strong>studioso</strong></span> <span class='ocrx_word' id='word_1_90' title='bbox 576 838 701 889; x_wconf 88' lang='lat' dir='ltr'><strong>possit</strong></span> <span class='ocrx_word' id='word_1_91' title='bbox 728 837 944 889; x_wconf 87' lang='lat' dir='ltr'><strong>debeatque</strong></span> <span class='ocrx_word' id='word_1_92' title='bbox 970 838 1125 890; x_wconf 83' lang='lat' dir='ltr'><strong>expelli,</strong></span> <span class='ocrx_word' id='word_1_93' title='bbox 1144 851 1222 877; x_wconf 91' lang='lat' dir='ltr'><strong>non</strong></span> <span class='ocrx_word' id='word_1_94' title='bbox 1237 837 1431 876; x_wconf 88' lang='lat' dir='ltr'><strong>dubitabis</strong></span> <span class='ocrx_word' id='word_1_95' title='bbox 1456 850 1544 890; x_wconf 90' lang='lat' dir='ltr'><strong>per-</strong></span> 
     </span>
     <span class='ocr_line' id='line_1_13' title="bbox 176 904 1544 957; baseline -0.001 -12"><span class='ocrx_word' id='word_1_96' title='bbox 176 906 287 946; x_wconf 86' lang='lat' dir='ltr'><strong>lectis</strong></span> <span class='ocrx_word' id='word_1_97' title='bbox 313 905 515 945; x_wconf 89' lang='lat' dir='ltr'><strong>Duebneri</strong></span> <span class='ocrx_word' id='word_1_98' title='bbox 540 905 599 943; x_wconf 92' lang='lat' dir='ltr'><strong>his</strong></span> <span class='ocrx_word' id='word_1_99' title='bbox 626 904 754 944; x_wconf 84' lang='lat' dir='ltr'><strong>verbis</strong></span> <span class='ocrx_word' id='word_1_100' title='bbox 783 904 966 957; x_wconf 85' lang='lat' dir='ltr'><strong>(praefat.</strong></span> <span class='ocrx_word' id='word_1_101' title='bbox 993 918 1084 957; x_wconf 85' lang='lat' dir='ltr'><strong>pag.</strong></span> <span class='ocrx_word' id='word_1_102' title='bbox 1108 907 1173 956; x_wconf 89' lang='lat'><strong>3):</strong></span> <span class='ocrx_word' id='word_1_103' title='bbox 1204 906 1313 955; x_wconf 87' lang='lat' dir='ltr'><strong>„Iam</strong></span> <span class='ocrx_word' id='word_1_104' title='bbox 1340 905 1544 945; x_wconf 83' lang='lat' dir='ltr'><strong>dicendum</strong></span> 
     </span>
     <span class='ocr_line' id='line_1_14' title="bbox 176 972 1544 1024; baseline -0.001 -11"><span class='ocrx_word' id='word_1_105' title='bbox 176 973 225 1013; x_wconf 87' lang='lat' dir='ltr'><strong>de</strong></span> <span class='ocrx_word' id='word_1_106' title='bbox 252 974 300 1013; x_wconf 88' lang='lat' dir='ltr'><strong>iis</strong></span> <span class='ocrx_word' id='word_1_107' title='bbox 325 973 432 1021; x_wconf 83' lang='lat' dir='ltr'><strong>locis,</strong></span> <span class='ocrx_word' id='word_1_108' title='bbox 459 973 500 1011; x_wconf 92' lang='lat' dir='ltr'><strong>in</strong></span> <span class='ocrx_word' id='word_1_109' title='bbox 526 972 665 1024; x_wconf 90' lang='lat' dir='ltr'><strong>quibus</strong></span> <span class='ocrx_word' id='word_1_110' title='bbox 691 985 762 1011; x_wconf 89' lang='lat' dir='ltr'><strong>nos</strong></span> <span class='ocrx_word' id='word_1_111' title='bbox 789 972 960 1023; x_wconf 89' lang='lat' dir='ltr'><strong>oportuit</strong></span> <span class='ocrx_word' id='word_1_112' title='bbox 986 972 1143 1019; x_wconf 65' lang='grc' dir='ltr'><strong>ἐπέχειν.</strong></span> <span class='ocrx_word' id='word_1_113' title='bbox 1200 973 1314 1017; x_wconf 84' lang='lat' dir='ltr'><strong>Quod</strong></span> <span class='ocrx_word' id='word_1_114' title='bbox 1340 973 1544 1024; x_wconf 85' lang='lat' dir='ltr'><strong>aliquoties</strong></span> 
     </span>
     <span class='ocr_line' id='line_1_15' title="bbox 175 1040 1543 1091; baseline -0.001 -11"><span class='ocrx_word' id='word_1_115' title='bbox 175 1041 338 1080; x_wconf 79' lang='lat' dir='ltr'><strong>fecimus</strong></span> <span class='ocrx_word' id='word_1_116' title='bbox 372 1040 505 1079; x_wconf 84' lang='lat' dir='ltr'><strong>inviti:</strong></span> <span class='ocrx_word' id='word_1_117' title='bbox 541 1052 633 1078; x_wconf 84' lang='lat' dir='ltr'><strong>nam</strong></span> <span class='ocrx_word' id='word_1_118' title='bbox 675 1042 760 1078; x_wconf 88' lang='lat' dir='ltr'><strong>erat</strong></span> <span class='ocrx_word' id='word_1_119' title='bbox 793 1040 862 1078; x_wconf 93' lang='lat' dir='ltr'><strong>ubi</strong></span> <span class='ocrx_word' id='word_1_120' title='bbox 907 1040 1101 1091; x_wconf 85' lang='lat' dir='ltr'><strong>exquisita</strong></span> <span class='ocrx_word' id='word_1_121' title='bbox 1133 1040 1366 1091; x_wconf 86' lang='lat' dir='ltr'><strong>praeberent</strong></span> <span class='ocrx_word' id='word_1_122' title='bbox 1408 1052 1543 1079; x_wconf 89' lang='lat' dir='ltr'><strong>manu-</strong></span> 
     </span>
     <span class='ocr_line' id='line_1_16' title="bbox 180 1106 1545 1159; baseline 0 -13"><span class='ocrx_word' id='word_1_123' title='bbox 180 1108 325 1159; x_wconf 83' lang='lat' dir='ltr'><strong>scripti,</strong></span> <span class='ocrx_word' id='word_1_124' title='bbox 359 1107 430 1146; x_wconf 88' lang='lat' dir='ltr'><strong>sed</strong></span> <span class='ocrx_word' id='word_1_125' title='bbox 457 1107 680 1157; x_wconf 79' lang='lat' dir='ltr'><strong>difficiliora</strong></span> <span class='ocrx_word' id='word_1_126' title='bbox 707 1109 930 1156; x_wconf 67' lang='lat' dir='ltr'><strong>explicatu,</strong></span> <span class='ocrx_word' id='word_1_127' title='bbox 968 1106 1060 1145; x_wconf 89' lang='lat' dir='ltr'><strong>dum</strong></span> <span class='ocrx_word' id='word_1_128' title='bbox 1096 1107 1258 1158; x_wconf 87' lang='lat' dir='ltr'><strong>vulgata</strong></span> <span class='ocrx_word' id='word_1_129' title='bbox 1292 1106 1414 1145; x_wconf 87' lang='lat' dir='ltr'><strong>cuivis</strong></span> <span class='ocrx_word' id='word_1_130' title='bbox 1441 1109 1545 1146; x_wconf 87' lang='lat' dir='ltr'><strong>esset</strong></span> 
     </span>
     <span class='ocr_line' id='line_1_17' title="bbox 175 1173 1544 1226; baseline 0 -13"><span class='ocrx_word' id='word_1_131' title='bbox 175 1175 306 1226; x_wconf 87' lang='lat' dir='ltr'><strong>plana.</strong></span> <span class='ocrx_word' id='word_1_132' title='bbox 335 1203 345 1213; x_wconf 91' lang='lat'><strong><em>.</em></strong></span> <span class='ocrx_word' id='word_1_133' title='bbox 372 1203 382 1213; x_wconf 89' lang='lat'><strong>.</strong></span> <span class='ocrx_word' id='word_1_134' title='bbox 411 1203 422 1213; x_wconf 90' lang='lat'><strong>.</strong></span> <span class='ocrx_word' id='word_1_135' title='bbox 457 1173 507 1213; x_wconf 86' lang='lat' dir='ltr'><strong>In</strong></span> <span class='ocrx_word' id='word_1_136' title='bbox 539 1174 626 1213; x_wconf 81' lang='lat' dir='ltr'><strong>aliis</strong></span> <span class='ocrx_word' id='word_1_137' title='bbox 659 1174 753 1214; x_wconf 89' lang='lat' dir='ltr'><strong>locis</strong></span> <span class='ocrx_word' id='word_1_138' title='bbox 789 1187 883 1213; x_wconf 86' lang='lat' dir='ltr'><strong>vera</strong></span> <span class='ocrx_word' id='word_1_139' title='bbox 923 1173 1152 1214; x_wconf 86' lang='lat' dir='ltr'><strong>difficultate</strong></span> <span class='ocrx_word' id='word_1_140' title='bbox 1196 1174 1321 1226; x_wconf 83' lang='lat' dir='ltr'><strong>premi</strong></span> <span class='ocrx_word' id='word_1_141' title='bbox 1362 1174 1445 1214; x_wconf 82' lang='lat' dir='ltr'><strong>visa</strong></span> <span class='ocrx_word' id='word_1_142' title='bbox 1485 1177 1544 1214; x_wconf 88' lang='lat' dir='ltr'><strong>est</strong></span> 
     </span>
     <span class='ocr_line' id='line_1_18' title="bbox 176 1241 1543 1292; baseline -0.001 -11"><span class='ocrx_word' id='word_1_143' title='bbox 176 1241 352 1281; x_wconf 89' lang='lat' dir='ltr'><strong>codicum</strong></span> <span class='ocrx_word' id='word_1_144' title='bbox 388 1241 582 1292; x_wconf 84' lang='lat' dir='ltr'><strong>scriptura</strong></span> <span class='ocrx_word' id='word_1_145' title='bbox 616 1242 679 1280; x_wconf 84' lang='lat' dir='ltr'><strong>vel</strong></span> <span class='ocrx_word' id='word_1_146' title='bbox 712 1243 942 1279; x_wconf 78' lang='lat' dir='ltr'><strong>incommodi</strong></span> <span class='ocrx_word' id='word_1_147' title='bbox 967 1244 1146 1291; x_wconf 84' lang='lat' dir='ltr'><strong>quiddam</strong></span> <span class='ocrx_word' id='word_1_148' title='bbox 1169 1243 1334 1292; x_wconf 83' lang='lat' dir='ltr'><strong>periodo</strong></span> <span class='ocrx_word' id='word_1_149' title='bbox 1359 1242 1543 1290; x_wconf 78' lang='lat' dir='ltr'><strong>inferens,</strong></span> 
     </span>
     <span class='ocr_line' id='line_1_19' title="bbox 173 1308 1544 1360; baseline -0.001 -11"><span class='ocrx_word' id='word_1_150' title='bbox 173 1309 238 1352; x_wconf 79' lang='lat' dir='ltr'><strong>vel</strong></span> <span class='ocrx_word' id='word_1_151' title='bbox 262 1308 399 1349; x_wconf 88' lang='lat' dir='ltr'><strong>vicinis</strong></span> <span class='ocrx_word' id='word_1_152' title='bbox 425 1309 555 1348; x_wconf 85' lang='lat' dir='ltr'><strong>verbis</strong></span> <span class='ocrx_word' id='word_1_153' title='bbox 588 1321 669 1347; x_wconf 90' lang='lat' dir='ltr'><strong>non</strong></span> <span class='ocrx_word' id='word_1_154' title='bbox 697 1311 759 1348; x_wconf 89' lang='lat' dir='ltr'><strong>sat</strong></span> <span class='ocrx_word' id='word_1_155' title='bbox 793 1312 885 1360; x_wconf 84' lang='lat' dir='ltr'><strong>apte</strong></span> <span class='ocrx_word' id='word_1_156' title='bbox 925 1322 967 1349; x_wconf 86' lang='lat' dir='ltr'><strong>se</strong></span> <span class='ocrx_word' id='word_1_157' title='bbox 1003 1309 1257 1348; x_wconf 85' lang='lat' dir='ltr'><strong>accomodans</strong></span> <span class='ocrx_word' id='word_1_158' title='bbox 1272 1337 1283 1358; x_wconf 91' lang='lat'>‚</span> <span class='ocrx_word' id='word_1_159' title='bbox 1318 1313 1363 1347; x_wconf 92' lang='lat' dir='ltr'><strong>ut</strong></span> <span class='ocrx_word' id='word_1_160' title='bbox 1396 1309 1544 1348; x_wconf 85' lang='lat' dir='ltr'><strong>incerta</strong></span> 
     </span>
     <span class='ocr_line' id='line_1_20' title="bbox 175 1374 1546 1424; baseline -0.001 -10"><span class='ocrx_word' id='word_1_161' title='bbox 175 1378 280 1414; x_wconf 89' lang='lat' dir='ltr'><strong>esset</strong></span> <span class='ocrx_word' id='word_1_162' title='bbox 302 1387 396 1413; x_wconf 83' lang='lat' dir='ltr'><strong>vera</strong></span> <span class='ocrx_word' id='word_1_163' title='bbox 422 1375 505 1413; x_wconf 88' lang='lat' dir='ltr'><strong>vitii</strong></span> <span class='ocrx_word' id='word_1_164' title='bbox 529 1374 679 1424; x_wconf 87' lang='lat' dir='ltr'><strong>sedes,“</strong></span> <span class='ocrx_word' id='word_1_165' title='bbox 707 1375 826 1414; x_wconf 87' lang='lat' dir='ltr'><strong>ceteri</strong></span> <span class='ocrx_word' id='word_1_166' title='bbox 852 1386 944 1413; x_wconf 87' lang='lat' dir='ltr'><strong>vero</strong></span> <span class='ocrx_word' id='word_1_167' title='bbox 971 1375 1100 1413; x_wconf 85' lang='lat' dir='ltr'><strong>hiatus</strong></span> <span class='ocrx_word' id='word_1_168' title='bbox 1118 1375 1209 1414; x_wconf 88' lang='lat' dir='ltr'><strong>licet</strong></span> <span class='ocrx_word' id='word_1_169' title='bbox 1236 1387 1371 1413; x_wconf 89' lang='lat' dir='ltr'><strong>sensus</strong></span> <span class='ocrx_word' id='word_1_170' title='bbox 1397 1375 1546 1413; x_wconf 83' lang='lat' dir='ltr'><strong>nullam</strong></span> 
     </span>
     <span class='ocr_line' id='line_1_21' title="bbox 177 1441 1520 1493; baseline 0.001 -13"><span class='ocrx_word' id='word_1_171' title='bbox 177 1442 329 1493; x_wconf 87' lang='lat' dir='ltr'><strong>flagitet</strong></span> <span class='ocrx_word' id='word_1_172' title='bbox 355 1441 623 1493; x_wconf 87' lang='lat' dir='ltr'><strong>mutationem,</strong></span> <span class='ocrx_word' id='word_1_173' title='bbox 649 1442 713 1482; x_wconf 84' lang='lat' dir='ltr'><strong>vel</strong></span> <span class='ocrx_word' id='word_1_174' title='bbox 740 1445 874 1482; x_wconf 86' lang='lat' dir='ltr'><strong>contra</strong></span> <span class='ocrx_word' id='word_1_175' title='bbox 901 1441 1052 1482; x_wconf 89' lang='lat' dir='ltr'><strong>codices</strong></span> <span class='ocrx_word' id='word_1_176' title='bbox 1076 1442 1161 1482; x_wconf 88' lang='lat' dir='ltr'><strong>loco</strong></span> <span class='ocrx_word' id='word_1_177' title='bbox 1188 1444 1304 1481; x_wconf 88' lang='lat' dir='ltr'><strong>erunt</strong></span> <span class='ocrx_word' id='word_1_178' title='bbox 1329 1441 1520 1482; x_wconf 85' lang='lat' dir='ltr'><strong>movendi.</strong></span> 
     </span>
    </p>

    <p class='ocr_par' dir='ltr' id='par_1_4' title="bbox 178 1509 1548 2033">
     <span class='ocr_line' id='line_1_22' title="bbox 303 1509 1548 1560; baseline 0.001 -13"><span class='ocrx_word' id='word_1_179' title='bbox 303 1509 370 1547; x_wconf 88' lang='lat' dir='ltr'><strong>Ad</strong></span> <span class='ocrx_word' id='word_1_180' title='bbox 397 1510 561 1548; x_wconf 87' lang='lat' dir='ltr'><strong>alteram</strong></span> <span class='ocrx_word' id='word_1_181' title='bbox 587 1510 764 1548; x_wconf 85' lang='lat' dir='ltr'><strong>venimus</strong></span> <span class='ocrx_word' id='word_1_182' title='bbox 793 1509 1063 1560; x_wconf 84' lang='lat' dir='ltr'><strong>disputationis</strong></span> <span class='ocrx_word' id='word_1_183' title='bbox 1089 1511 1245 1547; x_wconf 85' lang='lat' dir='ltr'><strong>nostrae</strong></span> <span class='ocrx_word' id='word_1_184' title='bbox 1271 1512 1424 1560; x_wconf 86' lang='lat' dir='ltr'><strong>partem</strong></span> <span class='ocrx_word' id='word_1_185' title='bbox 1440 1509 1548 1559; x_wconf 87' lang='lat' dir='ltr'><strong>leges</strong></span> 
     </span>
     <span class='ocr_line' id='line_1_23' title="bbox 182 1575 1548 1630; baseline 0.001 -15"><span class='ocrx_word' id='word_1_186' title='bbox 182 1576 427 1628; x_wconf 79' lang='lat' dir='ltr'><strong>tradituram,</strong></span> <span class='ocrx_word' id='word_1_187' title='bbox 464 1575 603 1630; x_wconf 87' lang='lat' dir='ltr'><strong>quibus</strong></span> <span class='ocrx_word' id='word_1_188' title='bbox 638 1576 679 1615; x_wconf 92' lang='lat' dir='ltr'><strong>in</strong></span> <span class='ocrx_word' id='word_1_189' title='bbox 712 1576 822 1616; x_wconf 87' lang='lat' dir='ltr'><strong>hiatu</strong></span> <span class='ocrx_word' id='word_1_190' title='bbox 856 1576 1037 1616; x_wconf 85' lang='lat' dir='ltr'><strong>evitando</strong></span> <span class='ocrx_word' id='word_1_191' title='bbox 1077 1575 1366 1616; x_wconf 85' lang='lat' dir='ltr'><strong>admittendove</strong></span> <span class='ocrx_word' id='word_1_192' title='bbox 1392 1576 1548 1617; x_wconf 84' lang='lat' dir='ltr'><strong>Plutar-</strong></span> 
     </span>
     <span class='ocr_line' id='line_1_24' title="bbox 179 1644 1547 1696; baseline -0.001 -12"><span class='ocrx_word' id='word_1_193' title='bbox 179 1645 275 1685; x_wconf 88' lang='lat' dir='ltr'><strong>chus</strong></span> <span class='ocrx_word' id='word_1_194' title='bbox 310 1644 489 1684; x_wconf 84' lang='lat' dir='ltr'><strong>videatur</strong></span> <span class='ocrx_word' id='word_1_195' title='bbox 523 1644 822 1695; x_wconf 86' lang='lat' dir='ltr'><strong>obtemperasse.</strong></span> <span class='ocrx_word' id='word_1_196' title='bbox 888 1644 1020 1696; x_wconf 88' lang='lat' dir='ltr'><strong>Atque</strong></span> <span class='ocrx_word' id='word_1_197' title='bbox 1054 1645 1213 1683; x_wconf 91' lang='lat' dir='ltr'><strong>elisione</strong></span> <span class='ocrx_word' id='word_1_198' title='bbox 1250 1644 1406 1696; x_wconf 89' lang='lat' dir='ltr'><strong>quidem</strong></span> <span class='ocrx_word' id='word_1_199' title='bbox 1436 1646 1547 1683; x_wconf 92' lang='lat' dir='ltr'><strong>illum</strong></span> 
     </span>
     <span class='ocr_line' id='line_1_25' title="bbox 179 1711 1547 1764; baseline 0.001 -13"><span class='ocrx_word' id='word_1_200' title='bbox 179 1724 265 1751; x_wconf 89' lang='lat' dir='ltr'><strong>esse</strong></span> <span class='ocrx_word' id='word_1_201' title='bbox 291 1724 405 1751; x_wconf 88' lang='lat' dir='ltr'><strong>usum</strong></span> <span class='ocrx_word' id='word_1_202' title='bbox 440 1712 502 1750; x_wconf 87' lang='lat' dir='ltr'><strong>vel</strong></span> <span class='ocrx_word' id='word_1_203' title='bbox 527 1714 572 1749; x_wconf 88' lang='lat' dir='ltr'><strong>ut</strong></span> <span class='ocrx_word' id='word_1_204' title='bbox 606 1711 757 1750; x_wconf 85' lang='lat' dir='ltr'><strong>cautius</strong></span> <span class='ocrx_word' id='word_1_205' title='bbox 789 1711 927 1764; x_wconf 89' lang='lat' dir='ltr'><strong>loquar</strong></span> <span class='ocrx_word' id='word_1_206' title='bbox 952 1723 1031 1751; x_wconf 92' lang='lat' dir='ltr'><strong>non</strong></span> <span class='ocrx_word' id='word_1_207' title='bbox 1067 1724 1153 1752; x_wconf 90' lang='lat' dir='ltr'><strong>esse</strong></span> <span class='ocrx_word' id='word_1_208' title='bbox 1181 1712 1476 1763; x_wconf 88' lang='lat' dir='ltr'><strong>offendendum,</strong></span> <span class='ocrx_word' id='word_1_209' title='bbox 1514 1713 1547 1752; x_wconf 88' lang='lat' dir='ltr'><strong>si</strong></span> 
     </span>
     <span class='ocr_line' id='line_1_26' title="bbox 180 1779 1547 1832; baseline -0.001 -12"><span class='ocrx_word' id='word_1_210' title='bbox 180 1779 372 1820; x_wconf 83' lang='lat' dir='ltr'><strong>vocabula</strong></span> <span class='ocrx_word' id='word_1_211' title='bbox 407 1792 431 1817; x_wconf 87' lang='lat' dir='ltr'><strong>a</strong></span> <span class='ocrx_word' id='word_1_212' title='bbox 470 1779 595 1819; x_wconf 83' lang='lat' dir='ltr'><strong>vocali</strong></span> <span class='ocrx_word' id='word_1_213' title='bbox 630 1779 853 1830; x_wconf 85' lang='lat' dir='ltr'><strong>incipientia</strong></span> <span class='ocrx_word' id='word_1_214' title='bbox 891 1780 1076 1831; x_wconf 83' lang='lat' dir='ltr'><strong>leguntur</strong></span> <span class='ocrx_word' id='word_1_215' title='bbox 1120 1783 1209 1831; x_wconf 89' lang='lat' dir='ltr'><strong>post</strong></span> <span class='ocrx_word' id='word_1_216' title='bbox 1252 1781 1406 1819; x_wconf 89' lang='lat' dir='ltr'><strong>vocales</strong></span> <span class='ocrx_word' id='word_1_217' title='bbox 1447 1793 1547 1832; x_wconf 86' lang='lat' dir='ltr'><strong>quae</strong></span> 
     </span>
     <span class='ocr_line' id='line_1_27' title="bbox 179 1845 1546 1900; baseline 0.001 -15"><span class='ocrx_word' id='word_1_218' title='bbox 179 1845 470 1900; x_wconf 87' lang='lat' dir='ltr'><strong>pronuntiando</strong></span> <span class='ocrx_word' id='word_1_219' title='bbox 505 1848 670 1898; x_wconf 90' lang='lat' dir='ltr'><strong>possunt</strong></span> <span class='ocrx_word' id='word_1_220' title='bbox 702 1846 807 1897; x_wconf 90' lang='lat' dir='ltr'><strong>tolli,</strong></span> <span class='ocrx_word' id='word_1_221' title='bbox 850 1859 927 1886; x_wconf 92' lang='lat' dir='ltr'><strong>uno</strong></span> <span class='ocrx_word' id='word_1_222' title='bbox 955 1846 1072 1887; x_wconf 83' lang='lat' dir='ltr'><strong>verbo</strong></span> <span class='ocrx_word' id='word_1_223' title='bbox 1109 1847 1304 1887; x_wconf 88' lang='lat' dir='ltr'><strong>monuisse</strong></span> <span class='ocrx_word' id='word_1_224' title='bbox 1339 1848 1546 1899; x_wconf 85' lang='lat' dir='ltr'><strong>sufficeret,</strong></span> 
     </span>
     <span class='ocr_line' id='line_1_28' title="bbox 179 1914 1546 1965; baseline 0 -11"><span class='ocrx_word' id='word_1_225' title='bbox 179 1916 213 1954; x_wconf 91' lang='lat' dir='ltr'><strong>si</strong></span> <span class='ocrx_word' id='word_1_226' title='bbox 239 1927 320 1954; x_wconf 88' lang='lat' dir='ltr'><strong>non</strong></span> <span class='ocrx_word' id='word_1_227' title='bbox 354 1915 472 1954; x_wconf 86' lang='lat' dir='ltr'><strong>latius</strong></span> <span class='ocrx_word' id='word_1_228' title='bbox 508 1914 557 1953; x_wconf 89' lang='lat' dir='ltr'><strong>de</strong></span> <span class='ocrx_word' id='word_1_229' title='bbox 584 1914 657 1953; x_wconf 86' lang='lat' dir='ltr'><strong>hac</strong></span> <span class='ocrx_word' id='word_1_230' title='bbox 683 1926 727 1953; x_wconf 87' lang='lat' dir='ltr'><strong>re</strong></span> <span class='ocrx_word' id='word_1_231' title='bbox 760 1915 948 1954; x_wconf 88' lang='lat' dir='ltr'><strong>disserere</strong></span> <span class='ocrx_word' id='word_1_232' title='bbox 972 1917 1130 1965; x_wconf 88' lang='lat' dir='ltr'><strong>cogeret</strong></span> <span class='ocrx_word' id='word_1_233' title='bbox 1153 1927 1225 1953; x_wconf 90' lang='lat' dir='ltr'><strong>nos</strong></span> <span class='ocrx_word' id='word_1_234' title='bbox 1251 1915 1454 1954; x_wconf 89' lang='lat' dir='ltr'><strong>Benseleri</strong></span> <span class='ocrx_word' id='word_1_235' title='bbox 1478 1928 1546 1954; x_wconf 88' lang='lat' dir='ltr'><strong>ne-</strong></span> 
     </span>
     <span class='ocr_line' id='line_1_29' title="bbox 178 1981 1545 2033; baseline 0.001 -13"><span class='ocrx_word' id='word_1_236' title='bbox 178 1981 389 2033; x_wconf 83' lang='lat' dir='ltr'><strong>glegentia,</strong></span> <span class='ocrx_word' id='word_1_237' title='bbox 418 1981 484 2032; x_wconf 80' lang='lat' dir='ltr'><strong>qui</strong></span> <span class='ocrx_word' id='word_1_238' title='bbox 511 1984 593 2020; x_wconf 86' lang='lat' dir='ltr'><strong>tam</strong></span> <span class='ocrx_word' id='word_1_239' title='bbox 618 1981 715 2021; x_wconf 83' lang='lat' dir='ltr'><strong>mire</strong></span> <span class='ocrx_word' id='word_1_240' title='bbox 743 1981 792 2021; x_wconf 90' lang='lat' dir='ltr'><strong>de</strong></span> <span class='ocrx_word' id='word_1_241' title='bbox 818 1994 866 2021; x_wconf 87' lang='lat' dir='ltr'><strong>ea</strong></span> <span class='ocrx_word' id='word_1_242' title='bbox 892 1982 1005 2032; x_wconf 83' lang='lat' dir='ltr'><strong>dixit,</strong></span> <span class='ocrx_word' id='word_1_243' title='bbox 1033 1985 1077 2021; x_wconf 89' lang='lat' dir='ltr'><strong>ut</strong></span> <span class='ocrx_word' id='word_1_244' title='bbox 1102 1994 1236 2022; x_wconf 81' lang='lat' dir='ltr'><strong>veram</strong></span> <span class='ocrx_word' id='word_1_245' title='bbox 1272 1983 1355 2022; x_wconf 86' lang='lat' dir='ltr'><strong>eius</strong></span> <span class='ocrx_word' id='word_1_246' title='bbox 1392 1986 1545 2022; x_wconf 86' lang='lat' dir='ltr'><strong>senten-</strong></span> 
     </span>
    </p>
   </div>
   <div class='ocr_carea' id='block_1_3' title="bbox 177 2104 1547 2322">
    <p class='ocr_par' dir='ltr' id='par_1_5' title="bbox 177 2104 1547 2322">
     <span class='ocr_line' id='line_1_30' title="bbox 307 2104 1546 2148; baseline 0.002 -12"><span class='ocrx_word' id='word_1_247' title='bbox 307 2104 364 2146; x_wconf 85' lang='lat'><strong>13)</strong></span> <span class='ocrx_word' id='word_1_248' title='bbox 385 2105 464 2137; x_wconf 82' lang='lat' dir='ltr'><strong>Fere</strong></span> <span class='ocrx_word' id='word_1_249' title='bbox 486 2105 565 2137; x_wconf 83' lang='lat' dir='ltr'><strong>idem</strong></span> <span class='ocrx_word' id='word_1_250' title='bbox 588 2106 671 2147; x_wconf 90' lang='lat' dir='ltr'><strong>quod</strong></span> <span class='ocrx_word' id='word_1_251' title='bbox 688 2104 788 2144; x_wconf 76' lang='grc' dir='ltr'><strong><em>δῆλοί</em></strong></span> <span class='ocrx_word' id='word_1_252' title='bbox 801 2107 894 2138; x_wconf 76' lang='grc' dir='ltr'><strong><em>εἰσιν</em></strong></span> <span class='ocrx_word' id='word_1_253' title='bbox 910 2105 1197 2148; x_wconf 66' lang='grc' dir='ltr'><em>ἀσχημονοῦντες</em></span> <span class='ocrx_word' id='word_1_254' title='bbox 1217 2106 1340 2148; x_wconf 83' lang='lat' dir='ltr'><strong>(oculos</strong></span> <span class='ocrx_word' id='word_1_255' title='bbox 1362 2107 1546 2147; x_wconf 73' lang='lat' dir='ltr'><strong>turpitudine</strong></span> 
     </span>
     <span class='ocr_line' id='line_1_31' title="bbox 177 2163 1545 2207; baseline 0.001 -13"><span class='ocrx_word' id='word_1_256' title='bbox 177 2165 209 2194; x_wconf 90' lang='lat' dir='ltr'><strong>in</strong></span> <span class='ocrx_word' id='word_1_257' title='bbox 238 2173 273 2195; x_wconf 82' lang='lat' dir='ltr'><strong>se</strong></span> <span class='ocrx_word' id='word_1_258' title='bbox 303 2164 440 2201; x_wconf 74' lang='lat' dir='ltr'><strong>vertunt)</strong></span> <span class='ocrx_word' id='word_1_259' title='bbox 472 2163 553 2195; x_wconf 75' lang='lat' dir='ltr'><strong>valet</strong></span> <span class='ocrx_word' id='word_1_260' title='bbox 578 2165 802 2204; x_wconf 77' lang='grc' dir='ltr'><strong><em>παρέχουσιν</em></strong></span> <span class='ocrx_word' id='word_1_261' title='bbox 841 2165 1014 2202; x_wconf 76' lang='grc' dir='ltr'><strong><em>αἴσθησιν</em></strong></span> <span class='ocrx_word' id='word_1_262' title='bbox 1046 2163 1352 2207; x_wconf 74' lang='grc' dir='ltr'><strong><em>α’σχημονοῦνιες,</em></strong></span> <span class='ocrx_word' id='word_1_263' title='bbox 1382 2175 1456 2205; x_wconf 74' lang='lat' dir='ltr'><strong>prae</strong></span> <span class='ocrx_word' id='word_1_264' title='bbox 1485 2175 1545 2207; x_wconf 89' lang='lat' dir='ltr'><strong>quo</strong></span> 
     </span>
     <span class='ocr_line' id='line_1_32' title="bbox 178 2220 1547 2264; baseline 0.002 -12"><span class='ocrx_word' id='word_1_265' title='bbox 178 2222 261 2263; x_wconf 87' lang='lat' dir='ltr'><strong>quod</strong></span> <span class='ocrx_word' id='word_1_266' title='bbox 283 2220 465 2252; x_wconf 74' lang='lat' dir='ltr'><strong>Bon-elem·</strong></span> <span class='ocrx_word' id='word_1_267' title='bbox 485 2220 545 2262; x_wconf 71' lang='lat' dir='ltr'><strong>legi</strong></span> <span class='ocrx_word' id='word_1_268' title='bbox 566 2222 662 2253; x_wconf 74' lang='lat' dir='ltr'><strong>voluit</strong></span> <span class='ocrx_word' id='word_1_269' title='bbox 683 2223 905 2264; x_wconf 75' lang='grc' dir='ltr'><strong><em>παρέχουσιν</em></strong></span> <span class='ocrx_word' id='word_1_270' title='bbox 923 2244 933 2255; x_wconf 86' lang='grc'><strong>.</strong></span> <span class='ocrx_word' id='word_1_271' title='bbox 949 2245 980 2255; x_wconf 86' lang='grc'><strong>..</strong></span> <span class='ocrx_word' id='word_1_272' title='bbox 1005 2221 1040 2254; x_wconf 77' lang='grc' dir='ltr'><strong>οἱ</strong></span> <span class='ocrx_word' id='word_1_273' title='bbox 1063 2222 1190 2264; x_wconf 76' lang='grc' dir='ltr'><strong><em>ἐχθρόι</em></strong></span> <span class='ocrx_word' id='word_1_274' title='bbox 1214 2224 1277 2254; x_wconf 74' lang='grc' dir='ltr'><strong>τοῦ</strong></span> <span class='ocrx_word' id='word_1_275' title='bbox 1297 2222 1547 2264; x_wconf 76' lang='grc' dir='ltr'><strong><em>α’σχημονοῦν-</em></strong></span> 
     </span>
     <span class='ocr_line' id='line_1_33' title="bbox 180 2279 691 2322; baseline 0.004 -12"><span class='ocrx_word' id='word_1_276' title='bbox 180 2290 238 2314; x_wconf 79' lang='grc' dir='ltr'><strong>τος</strong></span> <span class='ocrx_word' id='word_1_277' title='bbox 263 2280 438 2318; x_wconf 73' lang='grc' dir='ltr'><strong>αἴσθησιν</strong></span> <span class='ocrx_word' id='word_1_278' title='bbox 459 2279 569 2311; x_wconf 82' lang='lat' dir='ltr'><strong>misere</strong></span> <span class='ocrx_word' id='word_1_279' title='bbox 589 2281 691 2322; x_wconf 71' lang='lat' dir='ltr'><strong>friget.</strong></span> 
     </span>
    </p>
   </div>
   <div class='ocr_carea' id='block_1_4' title="bbox 309 2361 734 2403">
    <p class='ocr_par' dir='ltr' id='par_1_6' title="bbox 309 2361 734 2403">
     <span class='ocr_line' id='line_1_34' title="bbox 309 2361 734 2403; baseline 0 -7"><span class='ocrx_word' id='word_1_280' title='bbox 309 2361 364 2403; x_wconf 79' lang='lat'><strong>14)</strong></span> <span class='ocrx_word' id='word_1_281' title='bbox 388 2363 445 2396; x_wconf 71' lang='lat' dir='ltr'><strong>err.</strong></span> <span class='ocrx_word' id='word_1_282' title='bbox 468 2363 566 2401; x_wconf 70' lang='lat'><strong>8012,</strong></span> <span class='ocrx_word' id='word_1_283' title='bbox 588 2365 675 2395; x_wconf 73' lang='lat'><strong>94⁴8</strong></span> <span class='ocrx_word' id='word_1_284' title='bbox 697 2364 734 2396; x_wconf 59' lang='grc' dir='ltr'><strong>οι.</strong></span> 
     </span>
    </p>
   </div>
  </div>
 </body>
</html>
