1642 2813
725 101 781 146 '23

84 206 191 248 165b
218 203 349 248 τέλος.
366 234 376 243 .
409 202 479 240 τοῦ
504 205 559 251 μὴ
586 201 750 250 νομιζειν
775 202 886 248 θεοὺς
924 204 966 241 τό
1003 200 1057 250 μὴ
1084 203 1298 252 φοβεῖσθαι,
1338 201 1442 241 1710

81 274 172 325 μήτε
198 272 280 310 τινὰ
307 270 406 310 θεῶν
431 269 523 319 μήτε
551 270 742 319 δαιμόνων
770 272 946 319 νομίζειν,
973 283 1108 310 verum
1132 270 1251 308 etiam
1265 268 1440 307 Platonis

81 341 233 393 apolog.
262 338 366 376 Socr.
395 350 479 387 cap.
509 338 533 375 2
559 335 647 374 οἰδὲ
675 336 786 381 θεοὺς
815 338 981 384 νομίζειν
1017 338 1083 389 qui
1110 336 1320 375 Plutarcho
1349 338 1441 374 ante

82 407 211 448 oculos
237 405 356 444 fuisse
379 404 545 444 videtur.

200 472 248 510 In
272 470 398 510 verbis
425 471 589 509 aliorum
615 470 779 509 citandis
806 470 1038 508 Plutarchus
1066 470 1177 508 varia
1203 473 1263 507 est
1289 469 1440 507 ratione

80 552 180 579 usus.
233 537 469 588 Plerumque
504 536 589 588 ipsa
629 537 811 576 orationis
849 536 980 575 indole
1019 535 1201 575 admonet
1240 536 1438 585 lectorem,

82 608 207 646 aliena
233 617 275 644 se
302 604 380 642 suis
407 603 618 643 admiscere
642 616 775 656 eaque
791 607 858 642 aut
890 603 947 641 ita
972 603 1129 654 profert,
1158 602 1349 654 quomodo
1379 603 1440 641 vel

80 687 121 714 re
147 684 241 712 vera
278 670 382 710 dicta
409 672 499 709 sunt
533 670 597 709 vel
624 669 727 709 dicta
761 682 848 709 esse
874 672 1057 722 possunt,
1094 672 1163 708 aut
1197 668 1438 708 immutando

82 752 235 779 suorum
260 738 464 777 verborum
496 738 768 776 constructioni
795 737 1031 776 accomodat.
1082 737 1213 788 Atque
1247 738 1289 775 in
1313 738 1438 788 primo

81 806 234 861 quidem
260 817 403 856 genere
431 804 636 844 citatorum
662 805 887 856 scriptorem
921 817 998 843 non
1023 803 1197 855 potuisse
1236 815 1315 843 11011
1350 816 1438 843 011111

79 874 205 914 verbis
232 873 361 911 hiatus
396 872 568 922 recipere
594 875 776 922 apparet,
816 871 923 909 velut
950 871 1053 908 5400
1088 870 1211 908 καίτοι
1236 869 1325 918 ἐμοὶ
1357 885 1436 908 τοι-

80 939 177 990 ούτῳ
204 935 317 989 ἀνδρί
342 936 549 985 ὀργίζεσθε,
578 949 675 989 quae
703 949 725 975 e
743 936 915 988 Thucyd.
942 935 995 974 Π.
1023 937 1072 974 60
1100 939 1254 988 sumpta
1280 940 1371 976 sunt
1397 939 1438 976 et

80 1008 183 1046 1440
217 1006 320 1043 πᾶσα
357 1005 449 1053 γυνὴ
483 1005 552 1041 τοῦ
589 1005 728 1051 λύχνου
755 1001 938 1052 ἀρθέντος
968 1002 990 1051 ἦ
1018 1000 1114 1052 αὕτη
1146 1004 1240 1052 ἐστι,
1277 1004 1368 1043 dum
1394 1005 1435 1043 in

81 1073 158 1112 suis
192 1072 313 1125 ipsius
350 1071 454 1110 144f
484 1071 615 1111 scribit
649 1072 718 1108 τοῦ
754 1069 881 1122 φωτὸς
913 1066 1107 1119 ἀρθέντος.
1176 1070 1279 1117 Quin
1316 1071 1435 1110 etiam

76 1139 328 1192 repetendum
355 1145 412 1179 est
437 1140 514 1182 hic,
543 1139 646 1190 quod
674 1151 792 1191 supra
820 1138 870 1178 de
894 1151 1020 1190 pausa
1046 1138 1246 1188 contendi,
1280 1138 1434 1178 Plutar-

74 1208 185 1246 chum
212 1207 245 1244 si
272 1206 435 1244 aliorum
460 1206 581 1244 verba
606 1218 686 1244 non
712 1205 763 1243 ad
789 1205 906 1243 fidem
933 1205 1003 1243 sed
1029 1217 1051 1243 0
1078 1205 1266 1243 memoria
1293 1206 1435 1244 citaret

73 1274 144 1324 vel,
176 1272 279 1326 quod
305 1285 422 1324 saepe
457 1285 546 1311 eum
579 1272 716 1312 fecisse
750 1271 962 1312 verisimile
998 1274 1082 1321 est,
1118 1284 1142 1310 a
1178 1284 1221 1311 80
1246 1272 1337 1312 ficta
1362 1286 1433 1325 pro

74 1342 207 1379 alienis
241 1340 447 1390 venderet,
482 1342 661 1379 hiatuum
700 1340 897 1378 exstitisse
933 1340 1259 1389 amantissimum,
1296 1341 1435 1391 quibus

76 1411 119 1446 ut
144 1408 214 1446 illa
239 1408 364 1459 magis
397 1408 525 1447 aliena
556 1406 780 1447 viderentur
814 1406 995 1446 efficeret.
1063 1406 1180 1446 Cuius
1215 1407 1273 1446 rei
1305 1408 1434 1447 nescio

72 1488 122 1513 an
158 1475 503 1513 luculentissimum
542 1475 593 1513 sit
633 1474 855 1525 exemplum
897 1475 1001 1512 1390
1035 1475 1103 1512 ubi
1132 1472 1343 1523 “Ηρόὸ“οτος
1379 1476 1434 1513 ait

71 1536 167 1579 εἶπεν
201 1538 259 1580 ὃτι
288 1538 309 1589 ἦ
339 1541 431 1592 γυνη
469 1539 548 1589 ἅμα
575 1539 631 1593 τῷ
660 1541 794 1590 χιτῶνι
821 1538 990 1578 ἐκδύεται
1017 1539 1083 1577 καί
1106 1539 1173 1589 τὴν
1201 1540 1308 1590 αἰδῶ,
1346 1554 1432 1581 cum

72 1608 111 1646 in
146 1609 266 1660 ipsius
293 1608 485 1647 Herodoti
519 1609 568 1658 (I,
596 1609 649 1658 8.)
681 1608 809 1647 verbis
846 1602 931 1654 ἅμα
966 1606 1007 1644 δὲ
1043 1609 1176 1645 κιθῶνι
1216 1609 1429 1661 ἐκδυομένῳ

75 1674 306 1713 συνεκδύεται
336 1676 402 1713 καί
425 1669 496 1724 τήν
523 1676 619 1713 αιδῶ
642 1674 735 1724 γυνή
767 1687 867 1715 unus
904 1678 1056 1715 tantum
1082 1676 1131 1715 sit
1155 1676 1297 1715 hiatus.
1350 1677 1429 1718 Pro

75 1745 185 1790 parte
218 1743 293 1783 hue
328 1743 497 1794 pertinet
532 1743 605 1781 925
618 1742 673 1781 cd
708 1742 894 1782 δείκνυσιν
926 1741 1180 1791 Ἀρίσταρχος
1293 1742 1352 1782 ὅτι
1386 1743 1427 1781 τὸ

72 1807 138 1845 τοῦ
178 1807 287 1858 ἡλίου
324 1803 528 1859 ἀπόστημα
561 1811 630 1847 τοῦ
657 1807 927 1859 ἀποστήματος
953 1809 1020 1858 τῆς
1057 1808 1239 1859 σελήνης,
1282 1809 1302 1849 ὃ
1330 1811 1428 1864 ἀφέ-

73 1886 203 1921 στηκεν
231 1874 386 1925 ἦμῶν..,
420 1875 599 1915 ἔλαττον.
616 1906 626 1914 .
654 1871 677 1925 ἦ
703 1870 1001 1914 εἰκοσαπλάσιόν
1029 1877 1119 1914 ἐστι·
1157 1876 1279 1914 καίτοι
1314 1875 1333 1915 ὃ
1362 1877 1430 1927 την

74 1939 227 1990 σελήνην
254 1942 501 1993 ἑπιμηκιστον
527 1942 646 1994 αἴρων
674 1941 836 1993 ἀπέχειν,
864 1941 972 1994 φησί,
994 1937 1103 1994 ημῶν
1128 1945 1429 1988 (rectiusDueb-

70 2017 184 2047 uerus
218 2007 369 2057 ἀπέχειν
396 2010 515 2059 φησίν
550 2008 674 2061 ἡμῶν)
713 2010 752 2056 ἓξ
779 2008 844 2046 καί
876 2012 1268 2058 πεντηκονταπλάσιον
1293 2014 1360 2060 τῆς
1388 2014 1430 2050 ἐκ

70 2075 137 2110 τοῦ
161 2075 317 2128 κέντρου
336 2077 402 2126 τῆς
420 2078 487 2127 γῆς
511 2107 521 2117 .
538 2107 548 2117 .
564 2109 573 2118 .
602 2075 667 2115 κιιί
691 2073 764 2115 ἆπὸ
784 2075 923 2126 ταύτης
943 2078 1285 2128 συλλογιζομένους
1310 2080 1431 2130 (reete

69 2139 221 2183 Duebn.
258 2145 607 2195 συλλογιζομένοις)
644 2144 770 2194 ἀπέχει
807 2142 826 2182 ὁ
863 2141 970 2193 ἥλιος
1095 2145 1163 2184 ubi
1197 2146 1430 2187 Plutarchus

70 2206 111 2243 τὸ
147 2210 215 2246 τοῦ
244 2207 355 2258 ἣλιόυ
391 2208 594 2260 ἀπόστημα
620 2214 749 2264 potest
782 2224 825 2251 re
858 2223 952 2251 vera
989 2225 1039 2252 ex
1065 2211 1291 2254 Aristarcho
1327 2227 1429 2254 sum-

70 2274 165 2314 sisse
183 2276 220 2327 *)
266 2281 305 2316 et
340 2277 469 2317 verbis
501 2307 510 2316 .
541 2308 551 2317 .
581 2309 590 2318 .
629 2279 763 2327 ἀπέχει
790 2278 808 2318 ὅ
837 2278 945 2330 ἣλιος
971 2309 980 2318 .
1001 2310 1010 2319 .
1031 2310 1040 2319 .
1068 2282 1429 2321 mathematicorum

192 2353 228 2395 *)
250 2355 437 2396 Scripseram
459 2356 535 2388 haec
555 2367 618 2389 non
642 2358 779 2399 cogitans
800 2368 894 2399 posse
926 2358 1094 2391 Aristarchi
1115 2360 1221 2391 librum
1241 2360 1339 2400 ipsum
1361 2370 1431 2392 0880

69 2416 231 2444 servatum.
278 2414 367 2452 Quod
389 2424 423 2446 1-0
446 2424 518 2447 vern
539 2416 579 2447 ita
602 2426 671 2449 0880
693 2423 853 2458 postquam
876 2419 913 2449 ab
934 2419 1032 2450 amico
1055 2430 1120 2450 sum
1148 2420 1288 2458 monitus,
1311 2421 1430 2460 inspexi
