1642 2813
844 74 893 113 32

173 184 248 209 των
275 169 342 208 καί
375 170 451 208 τῶν
478 198 489 210 .
515 198 525 209 .
546 197 557 208 .
584 166 651 207 καί
674 198 684 209 .
711 198 721 209 .
746 197 758 210 .
786 168 852 208 καί
870 197 880 209 .
907 197 918 209 .
932 183 945 216 ,·
972 165 1086 214 Δόξει
1119 166 1191 220 γὰρ
1227 164 1377 214 ἀτόπως
1412 164 1538 205 αἰτίαν

173 230 412 284 παμπόλλων
439 234 506 273 καί
529 234 722 284 ἀνομοίων
745 235 890 285 γένεσιν
913 232 1068 283 ὑπάγειν
1095 237 1237 273 παθῶν.

296 318 359 357 De
381 317 455 357 hoc
480 317 567 356 loco
596 317 701 369 quod
727 319 902 356 nostrum
929 319 989 355 est
1012 328 1142 368 agere,
1177 315 1367 355 Huttenio
1403 328 1537 368 accep-

172 387 255 423 tum
281 389 341 424 est
365 384 632 435 referendum,
669 384 734 437 qui
763 383 985 434 ceteroquin
1020 383 1287 422 timidissimus
1322 383 1439 422 homo
1474 383 1538 423 hic

175 464 225 491 ex
250 451 290 491 N
291 465 398 504 ogar.
425 465 495 504 pro
523 452 669 504 γένεσιν
696 452 788 492 dare
816 452 867 504 τῷ
891 451 990 503 γένει
1016 464 1133 491 ausus
1159 452 1243 492 loco
1270 454 1406 503 aperte
1432 451 1536 490 clau-

175 519 319 558 dicanti
344 532 489 559 novum
515 520 656 558 vulnus
682 519 835 558 inflixit.
890 516 1032 557 Melius
1065 518 1172 557 haud
1197 519 1330 569 paullo
1354 517 1536 569 Wytten-

173 585 354 625 bachius:
399 585 564 636 „Forte“
605 587 660 626 ait
698 584 991 637 „corrigendum
1025 585 1096 635 μία
1132 583 1430 634 αἰτία-ὖπάγεινε
1473 585 1537 625 vel

172 654 459 703 m'av-s'ndyast
486 654 714 706 scripsitque
727 653 958 693 Duebnerus
987 653 1111 691 αἰτίαν
1137 651 1447 703 [μιαν]-ἒπάγειν
1470 653 1536 692 illo

175 719 297 771 [μίαν]
325 719 484 760 Faehsii
523 721 693 760 referens
722 721 992 760 coniecturam.
1045 719 1144 759 Mihi
1174 732 1294 759 unum
1319 731 1454 760 verum
1479 720 1536 759 vi-

175 787 299 838 detur,
328 788 432 841 quod
458 788 780 840 Wyttenbachius
807 789 929 827 altero
955 788 1041 827 loco
1069 787 1291 839 proposuit:
1329 816 1339 826 .
1368 816 1377 826 .
1407 816 1417 826 .
1445 785 1536 825 ἀτό-

173 869 255 900 πως
278 855 371 904 μίαν
397 854 633 903 παμπόλλων
647 855 893 906 70)-ἐπάγειν.
955 854 1134 906 Namque
1161 854 1416 894 Benselerum
1442 867 1537 893 cave

174 922 310 962 credas
339 933 452 960 omne
479 921 614 961 tulisse
638 925 825 973 punctum
852 922 1063 961 dicentem:
1103 922 1252 971 „scribe
1286 920 1432 970 κίνησιν
1466 932 1536 972 pro

172 989 318 1038 γένεσιν
345 992 385 1028 et
408 989 533 1028 retine
558 988 712 1040 ὑπάγειν
738 992 779 1028 et
805 990 934 1029 omnia
959 989 1060 1029 bene
1082 989 1319 1028 habebunt.“

295 1054 400 1095 Vere
424 1055 526 1094 enim
555 1054 659 1107 quod
687 1054 1011 1107 Wyttenbachius
1038 1055 1187 1094 monuit
1211 1055 1356 1107 requiri
1380 1057 1474 1104 μίαν
1496 1057 1540 1094 ut

176 1135 227 1163 ne
253 1126 442 1175 repetam,
470 1122 544 1162 hoc
570 1122 744 1175 inprimis
769 1123 926 1163 nomine
953 1122 1172 1162 coniectura
1204 1123 1273 1162 illa
1298 1122 1539 1176 repudianda

175 1195 246 1240 est,
275 1191 378 1243 quod
403 1191 519 1228 Plato
546 1203 626 1229 non
657 1190 724 1240 τὴν
752 1193 899 1240 κίνησιν
925 1190 996 1229 sed
1022 1193 1087 1240 τὴν
1120 1189 1187 1240 τῆς
1215 1190 1395 1238 κινήσεως
1431 1190 1538 1228 (ἰντι-

172 1259 394 1305 περίστασιν
422 1270 578 1296 causam
614 1269 698 1296 esse
725 1255 924 1296 contendit
947 1256 1220 1308 multiplicium
1245 1256 1399 1295 illorum
1421 1259 1537 1308 atque

173 1323 415 1362 diversorum
447 1324 653 1363 effectuum
667 1352 678 1373 ‚
719 1323 822 1374 quod
853 1326 1009 1374 praeter
1043 1323 1279 1374 quaestionis
1314 1324 1537 1375 propositae

171 1390 325 1430 initium
350 1403 537 1443 responsa
562 1390 715 1442 longius
740 1389 891 1431 docent.

797 1610 873 1648 268
887 1622 921 1649 e.

277 1703 343 1750 τὴν
370 1693 437 1737 οὖν
463 1697 653 1749 μυρσίνην
682 1697 738 1750 <ai
762 1701 951 1748 γυναῖκες)
980 1695 1031 1741 (ὃς
1060 1698 1164 1749 ἱερὰν
1176 1696 1382 1750 Ἀφροδίτῃ
1399 1697 1538 1749 ἀφοσι-

173 1768 316 1810 οῦνται.
368 1767 451 1804 Καί
475 1764 544 1817 γὰρ
572 1763 617 1815 ἢν
644 1769 710 1804 νῦν
738 1768 947 1816 Μουρκίαν
959 1763 1187 1817 Ἀφροδίτην
1214 1767 1407 1810 καλοῦσιν,
1425 1768 1540 1815 Μυρ-

171 1834 255 1872 τίαν
283 1836 491 1871 τοπαλαιόν
518 1833 569 1878 ὡς
597 1831 718 1871 ἔοικεν
744 1831 951 1880 ὠνόμαζον.

293 1914 496 1954 Benseleri
521 1914 829 1964 hariolationem‚
855 1929 906 1955 ex
932 1928 978 1954 eo
1007 1915 1110 1967 quod
1136 1915 1263 1954 Palat.
1289 1915 1408 1954 habet
1436 1914 1538 1965 ἱερὰν

168 1979 400 2032 Ἀφροδίτην
424 1981 647 2020 faciendum
671 1982 794 2021 videri
823 1980 873 2027 ὡς
899 1981 1131 2033 Ἀφροδίτην
1155 1982 1420 2034 ἀφοσιοῦνται,
1448 1995 1538 2021 nam

172 2049 423 2100 sequentibus
456 2061 536 2087 non
562 2049 730 2101 probari,
756 2049 903 2089 Veneri
927 2052 1096 2102 myrtum
1130 2049 1251 2090 fuisse
1283 2063 1444 2100 sacram,
1469 2048 1538 2089 sed

172 2117 367 2157 Venerem
396 2117 487 2156 olim
512 2118 696 2169 myrtiam
718 2117 836 2158 fuisse
871 2118 1121 2170 appellatam,
1154 2118 1256 2158 hanc
1282 2118 1460 2158 refeHere
1492 2120 1536 2156 ut

171 2198 250 2224 11011
276 2185 535 2224 necessarium
563 2186 711 2233 omitto,
743 2198 823 2224 non
850 2185 1031 2225 dubitans
1059 2186 1152 2238 quin
1179 2181 1286 2236 ἱεράν
1310 2186 1536 2238 Ἀφροδίτης

172 2249 419 2303 ἀφοσιοῦνται
450 2253 500 2291 sit
526 2253 781 2303 scribendum,
807 2265 894 2293 cum
920 2253 1026 2305 apud
1051 2253 1305 2294 Plutarchum
1323 2253 1426 2303 ἱερὸς
1453 2253 1533 2306 ple-

298 2367 355 2409 Ι70)
377 2376 440 2399 11011
463 2368 542 2399 euim
563 2368 653 2408 μίαν
677 2369 796 2399 αἰτίαν
819 2378 936 2411 παμπ.
957 2378 1026 2400 eum
1047 2373 1121 2408 puto
1143 2368 1289 2400 voluisse.
