1642 2813
699 73 746 111 31

51 165 300 216 mutandum,
336 164 545 204 secundum
581 164 702 218 ipsius
737 164 958 218 opinionem
995 164 1036 204 in
1070 163 1281 204 Plutarcho
1315 167 1405 204 ante

48 227 222 279 uocalcm
246 246 324 272 non
350 232 551 272 tolerabile
562 233 622 282 ⁶⁹).
675 232 781 283 Ergo
807 245 886 272 non
913 235 972 271 est
999 231 1017 271 ὃ
1044 235 1171 281 θυμός
1198 231 1406 270 delendum

49 303 240 345 munitum
264 302 469 352 praeterea
488 298 808 351 praecedentibus
832 303 871 339 et
892 298 1138 351 sequentibus
1166 311 1254 337 cum
1273 299 1407 338 ceteris

50 377 132 413 tum
163 368 272 408 initio
313 380 398 418 cap.
435 368 458 405 5
496 367 585 416 (455
604 367 673 418 b):
710 367 792 406 ἔστι
825 368 896 417 γάρ
932 383 1002 415 τις,
1038 363 1068 403 ὦ
1103 364 1239 414 ἑταῖρε,
1279 366 1408 416 πρώτη

52 435 222 484 καθάπερ
258 433 442 483 τυράννου
470 434 675 478 κατάλυσις
701 433 769 471 τοῦ
796 435 937 482 θυμοῦ,
974 446 1047 485 quo
1087 433 1171 472 1000
1208 432 1305 472 duce
1339 444 1409 471 no-

52 508 173 543 strum
200 500 253 540 sic
280 498 583 539 emendaverim:

175 567 256 607 Kal
280 568 351 617 γᾶρ
380 564 619 619 ἱπερὴφανος
645 583 678 607 κ.
698 584 734 607 α.
763 568 826 607 καί
853 567 951 614 ὅλως
980 566 1044 620 ὑφ’
1071 567 1208 618 ἑτέρων
1235 566 1254 607 ὃ
1283 570 1410 617 θυμὸς

55 638 270 683 ὃυςκίνητος
296 631 349 672 ὢν
376 632 496 684 ὥςπερ
525 633 644 684 ὀχυρὰ
671 634 845 685 τυραννίς
874 637 913 682 ἐξ
940 633 1076 685 ἑαυτῆς
1112 636 1213 678 (soil.
1246 635 1411 675 καταλύ-

56 719 132 743 εται
157 701 221 741 Vel
249 701 325 752 ἔχει
351 700 393 740 τὸ
423 699 647 753 καταλύον),
689 701 786 753 ἔχειν
813 701 954 753 ὀφείλει
981 732 990 742 .
1009 733 1019 742 .
1037 734 1046 743 .
1079 703 1410 744 Praecedentibus

58 771 184 821 (4548.
212 768 299 807 οὐδὲ
323 771 395 817 γὰρ
425 763 554 807 ἆκούει
579 770 654 806 τῶν
689 769 795 815 ἐκτὸς
836 768 858 819 ἦ
889 769 993 819 ψυχὴ
1033 770 1094 809 διὰ
1128 773 1195 810 τόν
1226 770 1410 821 θόρυβον)

57 837 190 878 melius
217 834 282 889 ὑφ’
309 834 446 887 ἑτέρων
475 849 590 889 quam
616 835 680 889 ὑφ’
707 834 838 888 ἑτέρου
863 850 1073 888 congruere
1099 850 1178 877 non
1203 837 1378 889 negabis.

655 1038 730 1076 303
746 1038 814 1078 ab.

179 1105 387 1158 (λέγουσιν)
414 1103 580 1154 ἀχράδας
608 1106 650 1144 δὲ
683 1106 834 1154 πρῶτον
862 1106 902 1143 ἐν
940 1105 1219 1160 Πελοποννήσῳ
1253 1109 1415 1160 φανῆναι

60 1179 137 1220 τοῖς
156 1173 357 1222 ’Ἐλλησιη
385 1172 440 1210 ἔτι
464 1172 531 1222 τῆς
554 1171 683 1222 χώρας
709 1171 852 1222 ἐκείνης
873 1171 1006 1210 Ἀπίαν
1033 1175 1413 1224 προςαγορευομένης·

63 1238 149 1279 ὅθεν
173 1235 277 1277 ἄπιοι
307 1237 347 1276 οἱ
374 1235 535 1285 ἀχράδες
561 1235 925 1286 μετωνομάσθησαν.

206 1320 426 1360 Articulum
462 1316 497 1355 οἱ
515 1348 526 1369 ‚
571 1331 685 1371 quem
719 1317 1044 1370 wyttenbachius
1083 1320 1266 1371 vulgatae
1310 1318 1416 1360 ἄπιοι

63 1388 220 1437 ἀχράδες
247 1387 466 1436 addiderat,
492 1385 692 1424 Duebneri
717 1385 867 1425 codices
891 1386 1100 1438 repudiant
1125 1388 1418 1440 comprobantes

64 1454 165 1507 quod
202 1454 330 1494 eidem
362 1451 657 1505 ptaeferendum
701 1455 785 1491 erat
819 1453 945 1492 visum
985 1454 1311 1505 ἐπωνομάσθησαν
1349 1469 1421 1507 pro

63 1515 425 1571 μετωνομάσθησαν,
454 1532 571 1572 quare
597 1519 797 1558 Benseleri
824 1520 1045 1559 coniectura
1072 1519 1159 1560 ὅθεν
1177 1518 1282 1560 ἄπιοι
1299 1537 1420 1570 μετω-

65 1585 311 1637 νομάσθησαν
338 1586 497 1638 ἀχράδες
522 1587 649 1626 minus
683 1587 762 1626 iam
788 1587 893 1626 facta
928 1591 987 1627 est
1021 1588 1233 1639 probabilis
1259 1592 1419 1641 propter

64 1649 104 1691 id
139 1667 289 1706 quoque
328 1655 605 1706 vituperanda,
643 1654 746 1706 quod
785 1655 1017 1694 vocabulum
1057 1655 1217 1702 ἀχράδες
1257 1653 1419 1695 articulo

66 1723 170 1760 caret
202 1721 284 1761 fere
317 1722 546 1762 necessario.
600 1722 705 1771 Ergo
733 1725 887 1761 servato
915 1721 1094 1773 equidem
1129 1723 1334 1761 verborum
1365 1735 1424 1760 or-

69 1787 154 1826 dine
180 1788 433 1827 Plutarchum
458 1792 553 1840 puto
582 1788 778 1839 scripsisse
815 1787 903 1827 ὅθεν
938 1787 1008 1829 ἅπῖ
1032 1788 1071 1828 αἶ
1098 1788 1256 1840 ἀχράδες
1284 1791 1426 1828 ἐπωνο-

68 1853 288 1906 μάσθησαν,
316 1856 384 1895 ubi
408 1856 556 1895 librarii
590 1856 737 1894 incuria
768 1856 898 1895 verbis
927 1850 1038 1894 ἆπῖαἱ
1068 1856 1109 1893 in
1136 1851 1245 1894 ἇπιαι
1276 1857 1426 1895 coalitis

70 1932 164 1959 ansa
190 1922 328 1961 ceteris
355 1923 582 1974 corruptelis
609 1922 703 1961 data
731 1926 814 1961 erat
839 1921 1125 1974 percommode.

669 2126 770 2165 1004
780 2125 841 2166 de.

195 2194 288 2238 Πῶς
315 2196 406 2232 ποτέ
434 2208 551 2245 φησιν
577 2193 596 2233 ὁ
626 2193 794 2232 Πλάτων
820 2192 887 2242 τὴν
912 2190 1221 2241 ἀντιπερίστασιν
1239 2195 1306 2242 τῆς
1327 2192 1428 2242 κινή-

76 2269 167 2303 σεως
194 2288 203 2299 .
219 2290 227 2300 ,
243 2289 253 2300 .
281 2259 406 2299 αἰτίαν
433 2258 527 2299 εἶναι
554 2261 629 2298 τῶν
655 2259 743 2310 περί
770 2259 837 2305 τὰς
875 2260 1044 2309 ἰατρικὰς
1081 2259 1215 2304 σικύας
1252 2257 1427 2308 παθημά-

198 2354 253 2392 69)
275 2354 331 2386 cfr.
356 2364 435 2395 quae
457 2354 611 2385 adnotavit
632 2354 669 2384 ad
691 2353 789 2391 414c1,
811 2351 906 2386 4688.
