1642 2813
760 117 808 154 12

104 207 224 259 igitur
250 209 283 249 si
306 209 403 250 nihil
430 208 478 250 de
507 209 634 251 studio
667 209 770 251 illius
804 209 982 251 hiatuum
1016 209 1285 250 evitandorum
1318 209 1472 248 innotu-

101 275 218 326 isset,
255 280 323 316 aut
360 278 584 318 elidendum
617 279 858 330 ubicunque,
898 281 965 317 aut
997 278 1151 329 integra
1178 280 1309 316 essent
1343 275 1474 316 omnia

101 344 293 384 vocabula
319 345 521 398 ponenda,
563 360 652 386 cum
678 347 855 386 codicum
881 347 1030 385 nullam
1063 345 1127 385 hic
1154 358 1239 385 esse
1265 344 1473 385 auctorita-

100 414 180 449 tem
209 412 353 462 insigni
380 413 610 453 documento
639 414 757 453 editio
773 414 1051 453 Duebneriana
1076 412 1312 464 probaverit.
1339 412 1472 451 Nunc-

102 478 181 517 iam
204 491 318 518 nemo
353 483 657 522 consentaneum
683 495 761 521 non
780 494 865 521 esse
882 480 1054 532 negabit,
1081 479 1336 520 Plutarchum
1358 491 1473 532 quem

106 547 147 583 in
183 547 382 585 vocabulis
423 549 616 598 contiguis
657 550 861 598 longarum
896 550 1088 586 vocalium
1124 559 1351 586 concursum
1385 557 1474 583 san·

107 612 225 663 guine
252 612 427 664 viperino
447 614 597 653 cautius
616 614 756 654 scimus
783 614 941 665 vitasse,
965 615 1004 653 in
1027 613 1207 654 brevibus
1224 613 1375 652 hiatum
1392 614 1474 651 tam

102 692 220 730 saepe
245 680 450 719 admisisse
478 682 636 721 elisione
663 682 888 721 facillimum
915 683 1074 721 evitatu.
1127 681 1266 732 Neque
1300 680 1374 718 hoc
1399 679 1473 718 sibi

104 746 309 798 quisquam
335 748 600 799 persuadebit,
626 748 736 787 illum
762 748 930 799 legendo
956 748 1111 800 quidem
1139 748 1339 787 elisionem
1362 746 1472 785 adhi-

100 813 243 862 buisse,
272 815 476 854 scribendo
505 816 742 871 significasse
769 828 849 854 non
876 816 981 854 item.
1046 816 1143 854 Cum
1171 815 1276 853 enim
1303 814 1473 852 dubitari

100 892 179 918 non
214 880 339 931 possit
375 881 487 933 quin,
530 895 647 934 quam
683 895 815 921 curam
851 883 891 921 in
927 882 1109 922 evitando
1144 881 1254 920 hiatu
1289 882 1473 933 posuerat

100 946 347 997 Plutarchus,
377 961 423 987 ea
449 953 492 988 ut
516 949 801 988 deleotarentur
825 950 989 988 lectores
1014 949 1190 997 voluerit,
1219 961 1295 999 qua
1318 947 1474 986 demum

101 1013 180 1051 alia
205 1014 358 1053 ratione
386 1028 452 1054 eos
486 1016 614 1068 potuit
646 1028 803 1055 monere
831 1015 878 1055 de
914 1016 1072 1055 elisione
1109 1013 1331 1054 adhibenda
1357 1025 1472 1066 quam

101 1079 303 1119 elidendas
332 1083 488 1121 vocales
512 1083 597 1133 ipse
621 1083 832 1122 omittens?

224 1147 334 1187 Inter
365 1161 478 1188 veros
513 1149 643 1188 hiatus
678 1162 773 1201 quos
808 1150 1042 1189 Plutarchus
1077 1148 1252 1198 admisit,
1290 1147 1470 1200 frequen-

101 1214 243 1253 tissimi
269 1216 297 1255 ii
324 1219 427 1263 sunt,
468 1217 534 1269 qui
570 1217 768 1257 vocalibus
797 1218 991 1257 exsistunt
1027 1217 1209 1257 articulos
1243 1215 1470 1268 particulas-

101 1295 176 1333 que
202 1283 508 1335 insequentibus.
562 1284 615 1323 Et
641 1285 793 1323 articuli
821 1285 976 1336 quidem
1002 1283 1254 1336 praepositivi
1280 1295 1472 1335 quemque

102 1361 235 1388 casum
260 1353 351 1389 ante
379 1349 559 1403 quodque
586 1351 818 1390 vocabulum
843 1351 936 1390 ferri
961 1361 1076 1403 posse
1110 1350 1377 1402 exemplorum
1400 1349 1474 1388 fre-

103 1417 263 1466 quentia
291 1416 404 1456 docet
423 1420 489 1466 3⁰):
518 1418 766 1469 postpositivi
793 1420 925 1456 autem
951 1430 1029 1456 non
1055 1417 1130 1455 nisi
1159 1414 1181 1454 ὃ
1207 1419 1297 1455 ante
1320 1417 1474 1455 vocales

100 1496 246 1536 ponere
272 1483 347 1522 sibi
373 1484 595 1535 permisisse
620 1485 775 1524 videtur
810 1485 1063 1524 similitudine
1099 1484 1236 1523 ductus
1271 1483 1471 1536 praeposi-

100 1551 171 1588 tivi
199 1547 296 1600 13³¹).
348 1550 451 1589 Nam
480 1552 601 1603 (quod
627 1552 738 1590 initio
766 1551 975 1590 Sintenisio
1004 1563 1158 1603 quoque
1194 1551 1320 1589 visum
1354 1563 1393 1601 p.
1421 1550 1470 1588 25

100 1620 239 1668 postea
266 1618 500 1657 sententiam
524 1618 705 1666 mutanti)
731 1616 754 1654 ἅ
782 1620 873 1657 ante
900 1618 1075 1657 vocalem
1100 1617 1344 1656 intolerabile
1368 1616 1472 1656 exis-

100 1684 209 1730 timo,
251 1698 338 1723 cum
365 1685 518 1724 videam
544 1698 675 1725 eorum
709 1698 808 1737 quae
834 1685 992 1724 obstant
1017 1685 1281 1737 exemplorum
1308 1685 1474 1723 alterum

100 1751 206 1789 5841·
238 1749 262 1788 ἃ
294 1749 455 1799 ἄσκησις
491 1765 515 1789 a
541 1752 751 1790 Duebnero
789 1765 873 1790 esse
910 1753 1127 1798 sublatum,
1166 1752 1332 1791 alterum
1359 1752 1474 1789 7960

100 1817 125 1856 ἅ
153 1816 189 1856 οἱ
217 1816 357 1856 πολλοὶ
389 1819 588 1860 lenissima
615 1821 837 1860 coniectura
871 1819 1087 1872 eademque
1122 1818 1324 1871 aptissima
1358 1831 1473 1871 posse

101 1886 184 1925 tolli
211 1886 415 1925 scribendo
443 1885 467 1923 ἅ
493 1885 564 1936 γὀἱ
592 1887 799 1935 πολλοίπ).

226 2025 282 2066 30)
305 2027 361 2059 cfr.
388 2027 451 2058 15d
477 2027 495 2057 ό
519 2029 727 2065 (mamone,
752 2027 822 2060 23e
843 2028 862 2057 0‘
882 2026 1045 2061 Ἡσίοδος
1066 2044 1108 2049 -
1130 2026 1148 2064 ἦ
1175 2026 1247 2064 15ο,
1270 2026 1337 2056 250
1360 2043 1400 2048 —-
1432 2026 1472 2056 zo*

105 2084 179 2121 150,
204 2083 324 2114 37e—
346 2084 500 2122 10515e,
524 2083 594 2117 381)
619 2101 659 2106 -
681 2083 823 2123 τιρ381),
850 2083 916 2115 191)
939 2101 978 2104 -
1002 2084 1040 2125 τῇ
1064 2083 1146 2122 388,
1170 2082 1236 2116 283
1266 2100 1304 2104 —-
1331 2078 1359 2112 ω’
1380 2082 1471 2115 5951)

101 2140 169 2172 631)
201 2157 240 2161 -
267 2140 302 2170 οἱ
333 2140 408 2172 221)
440 2159 473 2163 —
499 2141 539 2171 αἱ
562 2141 622 2173 243
638 2151 665 2179 c,
695 2140 787 2174 303d
818 2140 895 2180 (duo
927 2142 1006 2172 haec
1037 2146 1149 2172 tantum
1182 2139 1318 2181 exempla
1348 2141 1469 2171 inveni:

100 2202 171 2228 ante
193 2197 331 2237 spiritum
355 2206 497 2236 asperum
520 2198 603 2238 quod
626 2198 706 2229 nulla
728 2199 790 2229 vidi
814 2198 853 2228 αἱ
869 2204 899 2230 et
923 2198 970 2239 οἱ,
994 2200 1078 2229 casui
1100 2199 1179 2229 haud
1194 2198 1285 2230 dubie
1307 2203 1354 2229 est
1373 2197 1472 2229 tribu-

101 2255 227 2294 endum)
250 2270 292 2275 —-
316 2255 358 2284 m*
379 2255 455 2293 15d,
477 2255 553 2287 40d.

226 2310 285 2353 31)
307 2312 363 2344 cir.
385 2311 477 2343 2890
501 2309 522 2342 δ
544 2307 595 2350 η’ν,
617 2311 709 2352 4101,
732 2311 833 2351 4451),
856 2311 918 2344 583
929 2311 951 2345 f.

236 2384 294 2424 32)
320 2385 366 2415 De
389 2384 469 2415 crasi
491 2392 553 2414 non
584 2382 688 2413 eadem
718 2383 812 2414 ausim
833 2383 1014 2415 confidentia
1042 2389 1132 2425 sique
1152 2383 1191 2415 de
1214 2382 1340 2416 elisione
1361 2384 1473 2416 dicere.
