<?xml version="1.0" encoding="UTF-8"?>
<!DOCTYPE html PUBLIC "-//W3C//DTD XHTML 1.0 Transitional//EN"
    "http://www.w3.org/TR/xhtml1/DTD/xhtml1-transitional.dtd">
<html xmlns="http://www.w3.org/1999/xhtml" xml:lang="en" lang="en">
 <head>
  <title>
</title>
<meta http-equiv="Content-Type" content="text/html;charset=utf-8" />
  <meta name='ocr-system' content='tesseract 3.04.00' />
  <meta name='ocr-capabilities' content='ocr_page ocr_carea ocr_par ocr_line ocrx_word'/>
</head>
<body>
  <div class='ocr_page' id='page_1' title='image "4737340_0027.png"; bbox 0 0 1642 2813; ppageno 0'>
   <div class='ocr_carea' id='block_1_1' title="bbox 718 63 765 102">
    <p class='ocr_par' dir='ltr' id='par_1_1' title="bbox 718 63 765 102">
     <span class='ocr_line' id='line_1_1' title="bbox 718 63 765 102; baseline 0.021 -1"><span class='ocrx_word' id='word_1_1' title='bbox 718 63 765 102; x_wconf 84' lang='lat'><strong>17</strong></span> 
     </span>
    </p>
   </div>
   <div class='ocr_carea' id='block_1_2' title="bbox 59 153 1441 1957">
    <p class='ocr_par' dir='ltr' id='par_1_2' title="bbox 59 153 1428 744">
     <span class='ocr_line' id='line_1_2' title="bbox 59 153 1417 209; baseline -0.008 -7"><span class='ocrx_word' id='word_1_2' title='bbox 59 158 180 202; x_wconf 85' lang='lat' dir='ltr'><strong>menti</strong></span> <span class='ocrx_word' id='word_1_3' title='bbox 218 154 509 196; x_wconf 90' lang='lat' dir='ltr'><strong>similitudinem</strong></span> <span class='ocrx_word' id='word_1_4' title='bbox 529 155 599 206; x_wconf 82' lang='lat'><strong>⁴⁴),</strong></span> <span class='ocrx_word' id='word_1_5' title='bbox 638 159 765 208; x_wconf 90' lang='lat' dir='ltr'><strong>&#39;neque</strong></span> <span class='ocrx_word' id='word_1_6' title='bbox 796 155 838 195; x_wconf 88' lang='lat' dir='ltr'><strong>in</strong></span> <span class='ocrx_word' id='word_1_7' title='bbox 871 154 1065 197; x_wconf 83' lang='lat' dir='ltr'><strong>tricesima</strong></span> <span class='ocrx_word' id='word_1_8' title='bbox 1098 154 1224 209; x_wconf 85' lang='lat' dir='ltr'><strong>prima</strong></span> <span class='ocrx_word' id='word_1_9' title='bbox 1260 153 1417 200; x_wconf 83' lang='lat' dir='ltr'><strong>Quaest.</strong></span> 
     </span>
     <span class='ocr_line' id='line_1_3' title="bbox 59 220 1420 277; baseline -0.006 -10"><span class='ocrx_word' id='word_1_10' title='bbox 59 231 185 269; x_wconf 73' lang='lat' dir='ltr'><strong>natur.</strong></span> <span class='ocrx_word' id='word_1_11' title='bbox 214 224 306 277; x_wconf 87' lang='lat' dir='ltr'><strong>quin</strong></span> <span class='ocrx_word' id='word_1_12' title='bbox 330 237 400 276; x_wconf 87' lang='lat' dir='ltr'><strong>pro</strong></span> <span class='ocrx_word' id='word_1_13' title='bbox 425 223 487 262; x_wconf 81' lang='grc' dir='ltr'><strong>διὰ</strong></span> <span class='ocrx_word' id='word_1_14' title='bbox 509 226 551 261; x_wconf 83' lang='grc' dir='ltr'><strong>τί</strong></span> <span class='ocrx_word' id='word_1_15' title='bbox 568 220 734 270; x_wconf 73' lang='grc' dir='ltr'><em>ἄμπελος</em></span> <span class='ocrx_word' id='word_1_16' title='bbox 760 223 810 262; x_wconf 78' lang='lat' dir='ltr'><strong>sit</strong></span> <span class='ocrx_word' id='word_1_17' title='bbox 829 223 890 262; x_wconf 81' lang='grc' dir='ltr'><strong>διὰ</strong></span> <span class='ocrx_word' id='word_1_18' title='bbox 915 225 959 262; x_wconf 79' lang='grc' dir='ltr'><strong>τί</strong></span> <span class='ocrx_word' id='word_1_19' title='bbox 978 221 1153 271; x_wconf 73' lang='grc' dir='ltr'><em>δ’ἄμελος</em></span> <span class='ocrx_word' id='word_1_20' title='bbox 1175 221 1420 264; x_wconf 84' lang='lat' dir='ltr'><strong>scribendum</strong></span> 
     </span>
     <span class='ocr_line' id='line_1_4' title="bbox 62 289 1420 342; baseline -0.004 -8"><span class='ocrx_word' id='word_1_21' title='bbox 62 293 206 342; x_wconf 88' lang='lat' dir='ltr'><strong>dubito,</strong></span> <span class='ocrx_word' id='word_1_22' title='bbox 232 289 486 329; x_wconf 83' lang='lat' dir='ltr'><strong>Plutarchum</strong></span> <span class='ocrx_word' id='word_1_23' title='bbox 512 291 600 342; x_wconf 92' lang='lat' dir='ltr'><strong>post</strong></span> <span class='ocrx_word' id='word_1_24' title='bbox 629 290 673 328; x_wconf 75' lang='grc' dir='ltr'><strong>π’</strong></span> <span class='ocrx_word' id='word_1_25' title='bbox 691 290 843 329; x_wconf 81' lang='lat' dir='ltr'><strong>vocales</strong></span> <span class='ocrx_word' id='word_1_26' title='bbox 869 302 948 330; x_wconf 92' lang='lat' dir='ltr'><strong>non</strong></span> <span class='ocrx_word' id='word_1_27' title='bbox 973 291 1108 331; x_wconf 86' lang='lat' dir='ltr'><strong>tulisse</strong></span> <span class='ocrx_word' id='word_1_28' title='bbox 1132 291 1208 330; x_wconf 88' lang='lat' dir='ltr'><strong>nisi</strong></span> <span class='ocrx_word' id='word_1_29' title='bbox 1239 291 1281 329; x_wconf 91' lang='lat' dir='ltr'><strong>in</strong></span> <span class='ocrx_word' id='word_1_30' title='bbox 1305 302 1420 329; x_wconf 78' lang='lat' dir='ltr'><strong>voca-</strong></span> 
     </span>
     <span class='ocr_line' id='line_1_5' title="bbox 62 357 1420 402; baseline -0.004 -2"><span class='ocrx_word' id='word_1_31' title='bbox 62 361 162 402; x_wconf 87' lang='lat' dir='ltr'><strong>bulis</strong></span> <span class='ocrx_word' id='word_1_32' title='bbox 189 371 277 399; x_wconf 89' lang='lat' dir='ltr'><strong>cum</strong></span> <span class='ocrx_word' id='word_1_33' title='bbox 301 358 344 395; x_wconf 81' lang='grc' dir='ltr'><strong>τί</strong></span> <span class='ocrx_word' id='word_1_34' title='bbox 366 370 482 396; x_wconf 89' lang='lat' dir='ltr'><strong>sensu</strong></span> <span class='ocrx_word' id='word_1_35' title='bbox 509 357 722 396; x_wconf 77' lang='lat' dir='ltr'><strong>arctissime</strong></span> <span class='ocrx_word' id='word_1_36' title='bbox 750 358 962 397; x_wconf 88' lang='lat' dir='ltr'><strong>coniunctis</strong></span> <span class='ocrx_word' id='word_1_37' title='bbox 986 362 1090 398; x_wconf 93' lang='lat' dir='ltr'><strong>recte</strong></span> <span class='ocrx_word' id='word_1_38' title='bbox 1119 372 1170 398; x_wconf 84' lang='lat' dir='ltr'><strong>ex</strong></span> <span class='ocrx_word' id='word_1_39' title='bbox 1194 371 1241 398; x_wconf 89' lang='lat' dir='ltr'><strong>eo</strong></span> <span class='ocrx_word' id='word_1_40' title='bbox 1269 358 1420 397; x_wconf 92' lang='lat' dir='ltr'><strong>conclu-</strong></span> 
     </span>
     <span class='ocr_line' id='line_1_6' title="bbox 63 423 1423 476; baseline -0.004 -9"><span class='ocrx_word' id='word_1_41' title='bbox 63 429 159 468; x_wconf 84' lang='lat' dir='ltr'><strong>sisse</strong></span> <span class='ocrx_word' id='word_1_42' title='bbox 185 425 280 464; x_wconf 92' lang='lat' dir='ltr'><strong>mihi</strong></span> <span class='ocrx_word' id='word_1_43' title='bbox 306 424 422 474; x_wconf 85' lang='lat' dir='ltr'><strong>visus,</strong></span> <span class='ocrx_word' id='word_1_44' title='bbox 460 423 564 475; x_wconf 91' lang='lat' dir='ltr'><strong>quod</strong></span> <span class='ocrx_word' id='word_1_45' title='bbox 590 423 758 462; x_wconf 83' lang='lat' dir='ltr'><strong>formula</strong></span> <span class='ocrx_word' id='word_1_46' title='bbox 782 423 843 462; x_wconf 78' lang='grc' dir='ltr'><strong>διὰ</strong></span> <span class='ocrx_word' id='word_1_47' title='bbox 879 424 922 462; x_wconf 79' lang='grc' dir='ltr'><strong>τί</strong></span> <span class='ocrx_word' id='word_1_48' title='bbox 945 436 1031 463; x_wconf 93' lang='lat' dir='ltr'><strong>cum</strong></span> <span class='ocrx_word' id='word_1_49' title='bbox 1058 425 1203 464; x_wconf 77' lang='lat' dir='ltr'>centies</span> <span class='ocrx_word' id='word_1_50' title='bbox 1237 428 1277 464; x_wconf 90' lang='lat' dir='ltr'><strong>et</strong></span> <span class='ocrx_word' id='word_1_51' title='bbox 1312 424 1423 476; x_wconf 91' lang='lat' dir='ltr'><strong>quin-</strong></span> 
     </span>
     <span class='ocr_line' id='line_1_7' title="bbox 64 490 1425 547; baseline -0.004 -13"><span class='ocrx_word' id='word_1_52' title='bbox 64 493 223 547; x_wconf 87' lang='lat' dir='ltr'><strong>quagies</strong></span> <span class='ocrx_word' id='word_1_53' title='bbox 250 491 291 530; x_wconf 94' lang='lat' dir='ltr'><strong>in</strong></span> <span class='ocrx_word' id='word_1_54' title='bbox 317 490 408 530; x_wconf 90' lang='lat' dir='ltr'><strong>solis</strong></span> <span class='ocrx_word' id='word_1_55' title='bbox 437 490 567 536; x_wconf 88' lang='lat' dir='ltr'><strong>Qaest.</strong></span> <span class='ocrx_word' id='word_1_56' title='bbox 594 502 691 529; x_wconf 90' lang='lat' dir='ltr'><strong>rom.</strong></span> <span class='ocrx_word' id='word_1_57' title='bbox 718 502 846 541; x_wconf 84' lang='lat' dir='ltr'><strong>graec.</strong></span> <span class='ocrx_word' id='word_1_58' title='bbox 883 491 1050 529; x_wconf 87' lang='lat' dir='ltr'><strong>natural.</strong></span> <span class='ocrx_word' id='word_1_59' title='bbox 1086 492 1259 541; x_wconf 87' lang='lat' dir='ltr'><strong>legatur,</strong></span> <span class='ocrx_word' id='word_1_60' title='bbox 1296 490 1425 530; x_wconf 83' lang='lat' dir='ltr'>sexies</span> 
     </span>
     <span class='ocr_line' id='line_1_8' title="bbox 65 557 1426 609; baseline -0.004 -8"><span class='ocrx_word' id='word_1_61' title='bbox 65 564 216 601; x_wconf 89' lang='lat' dir='ltr'><strong>tantum</strong></span> <span class='ocrx_word' id='word_1_62' title='bbox 243 559 311 608; x_wconf 87' lang='lat' dir='ltr'><strong>(ex</strong></span> <span class='ocrx_word' id='word_1_63' title='bbox 332 557 550 596; x_wconf 87' lang='lat' dir='ltr'><strong>litterarum</strong></span> <span class='ocrx_word' id='word_1_64' title='bbox 575 557 725 596; x_wconf 90' lang='lat' dir='ltr'><strong>ratione</strong></span> <span class='ocrx_word' id='word_1_65' title='bbox 763 557 851 608; x_wconf 87' lang='lat' dir='ltr'><strong>plus</strong></span> <span class='ocrx_word' id='word_1_66' title='bbox 879 569 995 608; x_wconf 88' lang='lat' dir='ltr'><strong>quam</strong></span> <span class='ocrx_word' id='word_1_67' title='bbox 1027 558 1257 609; x_wconf 83' lang='lat' dir='ltr'><strong>quadragies</strong></span> <span class='ocrx_word' id='word_1_68' title='bbox 1285 569 1426 609; x_wconf 83' lang='lat' dir='ltr'><strong>expec-</strong></span> 
     </span>
     <span class='ocr_line' id='line_1_9' title="bbox 65 623 1428 672; baseline -0.004 -4"><span class='ocrx_word' id='word_1_69' title='bbox 65 627 226 670; x_wconf 85' lang='lat' dir='ltr'><strong>taveris)</strong></span> <span class='ocrx_word' id='word_1_70' title='bbox 254 627 345 664; x_wconf 90' lang='lat' dir='ltr'><strong>ante</strong></span> <span class='ocrx_word' id='word_1_71' title='bbox 372 624 525 664; x_wconf 89' lang='lat' dir='ltr'><strong>vocales</strong></span> <span class='ocrx_word' id='word_1_72' title='bbox 557 623 773 672; x_wconf 88' lang='lat' dir='ltr'><strong>invenitur,</strong></span> <span class='ocrx_word' id='word_1_73' title='bbox 809 624 935 663; x_wconf 90' lang='lat' dir='ltr'><strong>solum</strong></span> <span class='ocrx_word' id='word_1_74' title='bbox 970 636 1061 664; x_wconf 85' lang='lat' dir='ltr'><strong>vero</strong></span> <span class='ocrx_word' id='word_1_75' title='bbox 1095 625 1138 662; x_wconf 81' lang='grc' dir='ltr'><strong>τί</strong></span> <span class='ocrx_word' id='word_1_76' title='bbox 1165 637 1243 664; x_wconf 91' lang='lat' dir='ltr'><strong>non</strong></span> <span class='ocrx_word' id='word_1_77' title='bbox 1277 625 1351 665; x_wconf 89' lang='lat' dir='ltr'><strong>nisi</strong></span> <span class='ocrx_word' id='word_1_78' title='bbox 1385 625 1428 663; x_wconf 90' lang='lat' dir='ltr'><strong>in</strong></span> 
     </span>
     <span class='ocr_line' id='line_1_10' title="bbox 68 688 1269 744; baseline -0.005 -7"><span class='ocrx_word' id='word_1_79' title='bbox 68 696 209 737; x_wconf 87' lang='lat' dir='ltr'><strong>talibus</strong></span> <span class='ocrx_word' id='word_1_80' title='bbox 237 692 438 744; x_wconf 86' lang='lat' dir='ltr'><strong>exemplis,</strong></span> <span class='ocrx_word' id='word_1_81' title='bbox 466 693 600 744; x_wconf 85' lang='lat' dir='ltr'><strong>quales</strong></span> <span class='ocrx_word' id='word_1_82' title='bbox 625 705 742 744; x_wconf 88' lang='lat' dir='ltr'><strong>supra</strong></span> <span class='ocrx_word' id='word_1_83' title='bbox 768 692 886 732; x_wconf 80' lang='lat' dir='ltr'><strong>citavi</strong></span> <span class='ocrx_word' id='word_1_84' title='bbox 911 695 955 731; x_wconf 91' lang='lat' dir='ltr'><strong>ut</strong></span> <span class='ocrx_word' id='word_1_85' title='bbox 981 693 1023 730; x_wconf 81' lang='grc' dir='ltr'><strong>τί</strong></span> <span class='ocrx_word' id='word_1_86' title='bbox 1043 688 1101 740; x_wconf 79' lang='grc' dir='ltr'><strong>ἂν,</strong></span> <span class='ocrx_word' id='word_1_87' title='bbox 1127 693 1170 730; x_wconf 84' lang='grc' dir='ltr'><strong>τί</strong></span> <span class='ocrx_word' id='word_1_88' title='bbox 1191 688 1269 731; x_wconf 78' lang='grc' dir='ltr'>οὖν.</span> 
     </span>
    </p>

    <p class='ocr_par' dir='ltr' id='par_1_3' title="bbox 69 760 1441 1957">
     <span class='ocr_line' id='line_1_11' title="bbox 193 760 1430 813; baseline 0 -13"><span class='ocrx_word' id='word_1_89' title='bbox 193 760 272 800; x_wconf 80' lang='lat' dir='ltr'><strong>Sed</strong></span> <span class='ocrx_word' id='word_1_90' title='bbox 299 760 609 800; x_wconf 86' lang='lat' dir='ltr'><strong>emendationem</strong></span> <span class='ocrx_word' id='word_1_91' title='bbox 634 760 742 799; x_wconf 92' lang='lat' dir='ltr'><strong>illam</strong></span> <span class='ocrx_word' id='word_1_92' title='bbox 767 772 896 800; x_wconf 87' lang='lat' dir='ltr'><strong>meam</strong></span> <span class='ocrx_word' id='word_1_93' title='bbox 921 760 1094 801; x_wconf 93' lang='lat' dir='ltr'><strong>nondum</strong></span> <span class='ocrx_word' id='word_1_94' title='bbox 1118 760 1167 799; x_wconf 92' lang='lat' dir='ltr'><strong>ab</strong></span> <span class='ocrx_word' id='word_1_95' title='bbox 1196 760 1299 800; x_wconf 93' lang='lat' dir='ltr'><strong>omni</strong></span> <span class='ocrx_word' id='word_1_96' title='bbox 1318 763 1430 813; x_wconf 87' lang='lat' dir='ltr'><strong>parte</strong></span> 
     </span>
     <span class='ocr_line' id='line_1_12' title="bbox 69 828 1431 884; baseline -0.004 -13"><span class='ocrx_word' id='word_1_97' title='bbox 69 831 143 884; x_wconf 88' lang='lat' dir='ltr'><strong>ipsi</strong></span> <span class='ocrx_word' id='word_1_98' title='bbox 167 830 263 869; x_wconf 86' lang='lat' dir='ltr'><strong>mihi</strong></span> <span class='ocrx_word' id='word_1_99' title='bbox 292 829 447 881; x_wconf 87' lang='lat' dir='ltr'><strong>placere</strong></span> <span class='ocrx_word' id='word_1_100' title='bbox 483 829 651 878; x_wconf 87' lang='lat' dir='ltr'><strong>ingenue</strong></span> <span class='ocrx_word' id='word_1_101' title='bbox 685 829 822 868; x_wconf 89' lang='lat' dir='ltr'><strong>fatear.</strong></span> <span class='ocrx_word' id='word_1_102' title='bbox 877 829 1052 868; x_wconf 91' lang='lat' dir='ltr'><strong>Primum</strong></span> <span class='ocrx_word' id='word_1_103' title='bbox 1087 829 1190 868; x_wconf 92' lang='lat' dir='ltr'><strong>enim</strong></span> <span class='ocrx_word' id='word_1_104' title='bbox 1225 842 1304 868; x_wconf 92' lang='lat' dir='ltr'><strong>non</strong></span> <span class='ocrx_word' id='word_1_105' title='bbox 1337 828 1431 867; x_wconf 84' lang='lat' dir='ltr'><strong>satis</strong></span> 
     </span>
     <span class='ocr_line' id='line_1_13' title="bbox 70 894 1431 951; baseline -0.002 -14"><span class='ocrx_word' id='word_1_106' title='bbox 70 899 200 951; x_wconf 88' lang='lat' dir='ltr'><strong>liquet,</strong></span> <span class='ocrx_word' id='word_1_107' title='bbox 237 908 304 934; x_wconf 88' lang='lat' dir='ltr'><strong>cur</strong></span> <span class='ocrx_word' id='word_1_108' title='bbox 330 894 488 934; x_wconf 88' lang='lat' dir='ltr'><strong>tandem</strong></span> <span class='ocrx_word' id='word_1_109' title='bbox 513 895 670 940; x_wconf 85' lang='lat' dir='ltr'><strong>Quaest.</strong></span> <span class='ocrx_word' id='word_1_110' title='bbox 696 908 792 934; x_wconf 90' lang='lat' dir='ltr'><strong>rom.</strong></span> <span class='ocrx_word' id='word_1_111' title='bbox 823 896 895 935; x_wconf 88' lang='lat'><strong>105</strong></span> <span class='ocrx_word' id='word_1_112' title='bbox 923 908 1001 935; x_wconf 90' lang='lat' dir='ltr'><strong>non</strong></span> <span class='ocrx_word' id='word_1_113' title='bbox 1029 898 1089 935; x_wconf 69' lang='grc' dir='ltr'><strong>διὰ</strong></span> <span class='ocrx_word' id='word_1_114' title='bbox 1124 897 1168 935; x_wconf 81' lang='grc' dir='ltr'><strong>τί</strong></span> <span class='ocrx_word' id='word_1_115' title='bbox 1190 897 1266 936; x_wconf 78' lang='grc' dir='ltr'><strong>δ’ὲν</strong></span> <span class='ocrx_word' id='word_1_116' title='bbox 1302 896 1431 948; x_wconf 92' lang='lat' dir='ltr'><strong>potius</strong></span> 
     </span>
     <span class='ocr_line' id='line_1_14' title="bbox 72 962 1432 1019; baseline -0.001 -16"><span class='ocrx_word' id='word_1_117' title='bbox 72 978 187 1019; x_wconf 87' lang='lat' dir='ltr'><strong>quam</strong></span> <span class='ocrx_word' id='word_1_118' title='bbox 223 962 327 1015; x_wconf 94' lang='lat' dir='ltr'><strong>quod</strong></span> <span class='ocrx_word' id='word_1_119' title='bbox 361 962 402 1001; x_wconf 92' lang='lat' dir='ltr'><strong>in</strong></span> <span class='ocrx_word' id='word_1_120' title='bbox 427 963 533 1002; x_wconf 85' lang='lat' dir='ltr'><strong>libris</strong></span> <span class='ocrx_word' id='word_1_121' title='bbox 561 966 620 1002; x_wconf 88' lang='lat' dir='ltr'><strong>est</strong></span> <span class='ocrx_word' id='word_1_122' title='bbox 647 963 709 1002; x_wconf 78' lang='grc' dir='ltr'><strong>διὰ</strong></span> <span class='ocrx_word' id='word_1_123' title='bbox 734 962 818 1002; x_wconf 82' lang='grc' dir='ltr'><strong><em>τίνα</em></strong></span> <span class='ocrx_word' id='word_1_124' title='bbox 844 965 968 1002; x_wconf 68' lang='grc' dir='ltr'><strong><em>αἰτίαν</em></strong></span> <span class='ocrx_word' id='word_1_125' title='bbox 996 967 1037 1003; x_wconf 80' lang='grc' dir='ltr'><strong>ἐν</strong></span> <span class='ocrx_word' id='word_1_126' title='bbox 1069 964 1303 1005; x_wconf 86' lang='lat' dir='ltr'><strong>Plutarchus</strong></span> <span class='ocrx_word' id='word_1_127' title='bbox 1339 964 1432 1002; x_wconf 90' lang='lat' dir='ltr'><strong>scri-</strong></span> 
     </span>
     <span class='ocr_line' id='line_1_15' title="bbox 72 1029 1430 1086; baseline -0.001 -14"><span class='ocrx_word' id='word_1_128' title='bbox 72 1032 201 1086; x_wconf 88' lang='lat' dir='ltr'><strong>pserit.</strong></span> <span class='ocrx_word' id='word_1_129' title='bbox 254 1030 357 1068; x_wconf 86' lang='lat' dir='ltr'><strong>Nam</strong></span> <span class='ocrx_word' id='word_1_130' title='bbox 388 1042 467 1068; x_wconf 89' lang='lat' dir='ltr'><strong>non</strong></span> <span class='ocrx_word' id='word_1_131' title='bbox 501 1029 677 1069; x_wconf 82' lang='lat' dir='ltr'><strong>variandi</strong></span> <span class='ocrx_word' id='word_1_132' title='bbox 712 1042 830 1069; x_wconf 89' lang='lat' dir='ltr'><strong>causa</strong></span> <span class='ocrx_word' id='word_1_133' title='bbox 861 1030 969 1069; x_wconf 92' lang='lat' dir='ltr'><strong>illum</strong></span> <span class='ocrx_word' id='word_1_134' title='bbox 1003 1030 1104 1070; x_wconf 88' lang='lat' dir='ltr'><strong>inter</strong></span> <span class='ocrx_word' id='word_1_135' title='bbox 1151 1032 1239 1083; x_wconf 89' lang='lat' dir='ltr'><strong>plus</strong></span> <span class='ocrx_word' id='word_1_136' title='bbox 1276 1034 1430 1071; x_wconf 90' lang='lat' dir='ltr'><strong>centum</strong></span> 
     </span>
     <span class='ocr_line' id='line_1_16' title="bbox 76 1098 1433 1150; baseline 0 -12"><span class='ocrx_word' id='word_1_137' title='bbox 76 1101 137 1139; x_wconf 78' lang='grc' dir='ltr'><strong>διὰ</strong></span> <span class='ocrx_word' id='word_1_138' title='bbox 163 1100 205 1137; x_wconf 76' lang='grc' dir='ltr'><strong>τί</strong></span> <span class='ocrx_word' id='word_1_139' title='bbox 224 1111 344 1137; x_wconf 90' lang='lat' dir='ltr'><strong>unum</strong></span> <span class='ocrx_word' id='word_1_140' title='bbox 371 1100 430 1136; x_wconf 74' lang='grc' dir='ltr'><strong>διὰ</strong></span> <span class='ocrx_word' id='word_1_141' title='bbox 459 1099 542 1136; x_wconf 75' lang='grc' dir='ltr'><em>τίνα</em></span> <span class='ocrx_word' id='word_1_142' title='bbox 569 1098 692 1136; x_wconf 71' lang='grc' dir='ltr'><em>αἰτίαν</em></span> <span class='ocrx_word' id='word_1_143' title='bbox 717 1098 921 1137; x_wconf 87' lang='lat' dir='ltr'><strong>inseruisse</strong></span> <span class='ocrx_word' id='word_1_144' title='bbox 949 1101 1122 1150; x_wconf 87' lang='lat' dir='ltr'><strong>apparet.</strong></span> <span class='ocrx_word' id='word_1_145' title='bbox 1175 1099 1329 1138; x_wconf 87' lang='lat' dir='ltr'><strong>Deinde</strong></span> <span class='ocrx_word' id='word_1_146' title='bbox 1355 1112 1433 1138; x_wconf 93' lang='lat' dir='ltr'><strong>non</strong></span> 
     </span>
     <span class='ocr_line' id='line_1_17' title="bbox 73 1164 1430 1217; baseline 0 -12"><span class='ocrx_word' id='word_1_147' title='bbox 73 1167 154 1205; x_wconf 90' lang='lat' dir='ltr'><strong>sine</strong></span> <span class='ocrx_word' id='word_1_148' title='bbox 172 1166 300 1217; x_wconf 91' lang='lat' dir='ltr'><strong>specie</strong></span> <span class='ocrx_word' id='word_1_149' title='bbox 318 1164 491 1203; x_wconf 86' lang='lat' dir='ltr'><strong>veritatis</strong></span> <span class='ocrx_word' id='word_1_150' title='bbox 512 1164 752 1203; x_wconf 87' lang='lat' dir='ltr'><strong>contenderit</strong></span> <span class='ocrx_word' id='word_1_151' title='bbox 773 1165 910 1217; x_wconf 87' lang='lat' dir='ltr'><strong>aliquis</strong></span> <span class='ocrx_word' id='word_1_152' title='bbox 930 1177 981 1203; x_wconf 84' lang='lat' dir='ltr'><strong>ex</strong></span> <span class='ocrx_word' id='word_1_153' title='bbox 999 1178 1057 1215; x_wconf 88' lang='lat' dir='ltr'><strong>ea,</strong></span> <span class='ocrx_word' id='word_1_154' title='bbox 1086 1178 1201 1217; x_wconf 91' lang='lat' dir='ltr'><strong>quam</strong></span> <span class='ocrx_word' id='word_1_155' title='bbox 1219 1165 1430 1211; x_wconf 84' lang='lat' dir='ltr'><strong>inQuaest.</strong></span> 
     </span>
     <span class='ocr_line' id='line_1_18' title="bbox 75 1232 1435 1285; baseline 0 -13"><span class='ocrx_word' id='word_1_156' title='bbox 75 1234 224 1285; x_wconf 86' lang='lat' dir='ltr'><strong>graecis</strong></span> <span class='ocrx_word' id='word_1_157' title='bbox 273 1232 561 1271; x_wconf 81' lang='lat' dir='ltr'><strong>observavimus</strong></span> <span class='ocrx_word' id='word_1_158' title='bbox 612 1232 863 1271; x_wconf 83' lang='lat' dir='ltr'><strong>formularum</strong></span> <span class='ocrx_word' id='word_1_159' title='bbox 901 1233 1267 1283; x_wconf 84' lang='lat' dir='ltr'><strong>interrogativarum</strong></span> <span class='ocrx_word' id='word_1_160' title='bbox 1308 1233 1435 1273; x_wconf 84' lang='lat' dir='ltr'><strong>varie-</strong></span> 
     </span>
     <span class='ocr_line' id='line_1_19' title="bbox 75 1299 1434 1353; baseline 0 -14"><span class='ocrx_word' id='word_1_161' title='bbox 75 1303 167 1350; x_wconf 85' lang='lat' dir='ltr'><strong>tate,</strong></span> <span class='ocrx_word' id='word_1_162' title='bbox 195 1299 318 1339; x_wconf 83' lang='lat' dir='ltr'><strong>videri</strong></span> <span class='ocrx_word' id='word_1_163' title='bbox 343 1299 597 1339; x_wconf 90' lang='lat' dir='ltr'><strong>Plutarchum</strong></span> <span class='ocrx_word' id='word_1_164' title='bbox 622 1312 700 1338; x_wconf 92' lang='lat' dir='ltr'><strong>non</strong></span> <span class='ocrx_word' id='word_1_165' title='bbox 725 1300 899 1352; x_wconf 86' lang='lat' dir='ltr'><strong>potuisse</strong></span> <span class='ocrx_word' id='word_1_166' title='bbox 933 1300 1177 1353; x_wconf 83' lang='lat' dir='ltr'><strong>quaestiones</strong></span> <span class='ocrx_word' id='word_1_167' title='bbox 1204 1300 1291 1339; x_wconf 91' lang='lat' dir='ltr'><strong>illas</strong></span> <span class='ocrx_word' id='word_1_168' title='bbox 1318 1313 1434 1352; x_wconf 81' lang='lat' dir='ltr'><strong>argu-</strong></span> 
     </span>
     <span class='ocr_line' id='line_1_20' title="bbox 81 1367 1439 1420; baseline 0 -13"><span class='ocrx_word' id='word_1_169' title='bbox 81 1370 210 1407; x_wconf 83' lang='lat' dir='ltr'><strong>mento</strong></span> <span class='ocrx_word' id='word_1_170' title='bbox 236 1380 314 1406; x_wconf 94' lang='lat' dir='ltr'><strong>non</strong></span> <span class='ocrx_word' id='word_1_171' title='bbox 342 1367 589 1406; x_wconf 88' lang='lat' dir='ltr'><strong>cohaerentes</strong></span> <span class='ocrx_word' id='word_1_172' title='bbox 613 1368 804 1419; x_wconf 86' lang='lat' dir='ltr'><strong>particula</strong></span> <span class='ocrx_word' id='word_1_173' title='bbox 830 1367 871 1406; x_wconf 76' lang='grc' dir='ltr'><strong>δὲ</strong></span> <span class='ocrx_word' id='word_1_174' title='bbox 894 1368 1127 1419; x_wconf 89' lang='lat' dir='ltr'><strong>coniungere</strong></span> <span class='ocrx_word' id='word_1_175' title='bbox 1141 1397 1151 1417; x_wconf 98' lang='lat'><strong>,</strong></span> <span class='ocrx_word' id='word_1_176' title='bbox 1193 1368 1335 1419; x_wconf 89' lang='lat' dir='ltr'><strong>quippe</strong></span> <span class='ocrx_word' id='word_1_177' title='bbox 1372 1369 1439 1420; x_wconf 92' lang='lat' dir='ltr'><strong>qui</strong></span> 
     </span>
     <span class='ocr_line' id='line_1_21' title="bbox 76 1434 1435 1486; baseline 0.001 -14"><span class='ocrx_word' id='word_1_178' title='bbox 76 1435 117 1472; x_wconf 93' lang='lat' dir='ltr'><strong>in</strong></span> <span class='ocrx_word' id='word_1_179' title='bbox 141 1435 277 1474; x_wconf 89' lang='lat' dir='ltr'><strong>ceteris</strong></span> <span class='ocrx_word' id='word_1_180' title='bbox 305 1434 594 1486; x_wconf 88' lang='lat' dir='ltr'><strong>quaestionibus</strong></span> <span class='ocrx_word' id='word_1_181' title='bbox 621 1435 787 1485; x_wconf 82' lang='lat' dir='ltr'><strong>(graecis</strong></span> <span class='ocrx_word' id='word_1_182' title='bbox 817 1436 942 1473; x_wconf 87' lang='lat'>1—35</span> <span class='ocrx_word' id='word_1_183' title='bbox 980 1438 1020 1473; x_wconf 92' lang='lat' dir='ltr'><strong>et</strong></span> <span class='ocrx_word' id='word_1_184' title='bbox 1044 1435 1214 1473; x_wconf 84' lang='lat' dir='ltr'><strong>romanis</strong></span> <span class='ocrx_word' id='word_1_185' title='bbox 1242 1435 1435 1485; x_wconf 88' lang='lat' dir='ltr'><strong>omnibus)</strong></span> 
     </span>
     <span class='ocr_line' id='line_1_22' title="bbox 76 1500 1439 1555; baseline 0.001 -16"><span class='ocrx_word' id='word_1_186' title='bbox 76 1500 301 1540; x_wconf 89' lang='lat' dir='ltr'><strong>inducendis</strong></span> <span class='ocrx_word' id='word_1_187' title='bbox 334 1504 487 1541; x_wconf 85' lang='lat' dir='ltr'><strong>tantum</strong></span> <span class='ocrx_word' id='word_1_188' title='bbox 526 1514 568 1541; x_wconf 89' lang='lat' dir='ltr'><strong>se</strong></span> <span class='ocrx_word' id='word_1_189' title='bbox 601 1502 789 1553; x_wconf 87' lang='lat' dir='ltr'><strong>praebeat</strong></span> <span class='ocrx_word' id='word_1_190' title='bbox 814 1502 1099 1555; x_wconf 83' lang='lat' dir='ltr'><strong>aequabilitatis</strong></span> <span class='ocrx_word' id='word_1_191' title='bbox 1127 1504 1361 1551; x_wconf 87' lang='lat' dir='ltr'><strong>amatorem,</strong></span> <span class='ocrx_word' id='word_1_192' title='bbox 1395 1505 1439 1540; x_wconf 92' lang='lat' dir='ltr'><strong>ut</strong></span> 
     </span>
     <span class='ocr_line' id='line_1_23' title="bbox 78 1567 1436 1621; baseline 0 -15"><span class='ocrx_word' id='word_1_193' title='bbox 78 1568 145 1607; x_wconf 84' lang='lat' dir='ltr'><strong>vix</strong></span> <span class='ocrx_word' id='word_1_194' title='bbox 170 1568 361 1619; x_wconf 90' lang='lat' dir='ltr'><strong>possimus</strong></span> <span class='ocrx_word' id='word_1_195' title='bbox 388 1568 564 1608; x_wconf 83' lang='lat' dir='ltr'><strong>dubitare</strong></span> <span class='ocrx_word' id='word_1_196' title='bbox 592 1569 686 1621; x_wconf 92' lang='lat' dir='ltr'><strong>quin</strong></span> <span class='ocrx_word' id='word_1_197' title='bbox 713 1570 746 1608; x_wconf 90' lang='lat' dir='ltr'><strong>si</strong></span> <span class='ocrx_word' id='word_1_198' title='bbox 770 1570 953 1620; x_wconf 87' lang='lat' dir='ltr'><strong>licuisset,</strong></span> <span class='ocrx_word' id='word_1_199' title='bbox 981 1582 1131 1621; x_wconf 90' lang='lat' dir='ltr'><strong>semper</strong></span> <span class='ocrx_word' id='word_1_200' title='bbox 1149 1569 1354 1608; x_wconf 85' lang='lat' dir='ltr'><strong>formulam</strong></span> <span class='ocrx_word' id='word_1_201' title='bbox 1377 1567 1436 1607; x_wconf 80' lang='grc' dir='ltr'><strong>διὰ</strong></span> 
     </span>
     <span class='ocr_line' id='line_1_24' title="bbox 79 1635 1439 1689; baseline 0.001 -16"><span class='ocrx_word' id='word_1_202' title='bbox 79 1636 120 1673; x_wconf 80' lang='grc' dir='ltr'><strong>τί</strong></span> <span class='ocrx_word' id='word_1_203' title='bbox 140 1636 190 1686; x_wconf 80' lang='grc' dir='ltr'><strong>(δ’</strong></span> <span class='ocrx_word' id='word_1_204' title='bbox 218 1639 310 1675; x_wconf 90' lang='lat' dir='ltr'><strong>ante</strong></span> <span class='ocrx_word' id='word_1_205' title='bbox 329 1636 504 1675; x_wconf 88' lang='lat' dir='ltr'><strong>vocalem</strong></span> <span class='ocrx_word' id='word_1_206' title='bbox 529 1636 677 1687; x_wconf 91' lang='lat' dir='ltr'><strong>addito)</strong></span> <span class='ocrx_word' id='word_1_207' title='bbox 707 1636 964 1676; x_wconf 82' lang='lat' dir='ltr'><strong>adhibuisset:</strong></span> <span class='ocrx_word' id='word_1_208' title='bbox 994 1648 1111 1689; x_wconf 89' lang='lat' dir='ltr'><strong>quare</strong></span> <span class='ocrx_word' id='word_1_209' title='bbox 1136 1635 1253 1675; x_wconf 88' lang='lat' dir='ltr'><strong>etiam</strong></span> <span class='ocrx_word' id='word_1_210' title='bbox 1279 1648 1349 1689; x_wconf 89' lang='lat' dir='ltr'><strong>pro</strong></span> <span class='ocrx_word' id='word_1_211' title='bbox 1378 1636 1439 1674; x_wconf 75' lang='grc' dir='ltr'><strong>διὰ</strong></span> 
     </span>
     <span class='ocr_line' id='line_1_25' title="bbox 79 1702 1440 1756; baseline 0.001 -16"><span class='ocrx_word' id='word_1_212' title='bbox 79 1703 120 1740; x_wconf 81' lang='grc' dir='ltr'><strong>τί</strong></span> <span class='ocrx_word' id='word_1_213' title='bbox 138 1704 178 1741; x_wconf 80' lang='grc' dir='ltr'><strong>ἐν</strong></span> <span class='ocrx_word' id='word_1_214' title='bbox 201 1703 242 1742; x_wconf 92' lang='lat' dir='ltr'><strong>in</strong></span> <span class='ocrx_word' id='word_1_215' title='bbox 269 1703 427 1748; x_wconf 80' lang='lat' dir='ltr'><strong>Quaest.</strong></span> <span class='ocrx_word' id='word_1_216' title='bbox 455 1718 583 1756; x_wconf 86' lang='lat' dir='ltr'><strong>graec.</strong></span> <span class='ocrx_word' id='word_1_217' title='bbox 612 1706 662 1742; x_wconf 88' lang='lat'><strong>48</strong></span> <span class='ocrx_word' id='word_1_218' title='bbox 688 1706 816 1756; x_wconf 90' lang='lat' dir='ltr'><strong>potius</strong></span> <span class='ocrx_word' id='word_1_219' title='bbox 844 1718 961 1756; x_wconf 88' lang='lat' dir='ltr'><strong>quam</strong></span> <span class='ocrx_word' id='word_1_220' title='bbox 996 1704 1058 1743; x_wconf 78' lang='grc' dir='ltr'><strong>διὰ</strong></span> <span class='ocrx_word' id='word_1_221' title='bbox 1085 1704 1128 1742; x_wconf 81' lang='grc' dir='ltr'><strong>τί</strong></span> <span class='ocrx_word' id='word_1_222' title='bbox 1149 1706 1225 1742; x_wconf 79' lang='grc' dir='ltr'><em>δ’ἑν</em></span> <span class='ocrx_word' id='word_1_223' title='bbox 1252 1702 1440 1755; x_wconf 86' lang='lat' dir='ltr'><strong>postulari</strong></span> 
     </span>
     <span class='ocr_line' id='line_1_26' title="bbox 78 1768 1441 1821; baseline 0.001 -14"><span class='ocrx_word' id='word_1_224' title='bbox 78 1768 135 1815; x_wconf 81' lang='grc' dir='ltr'><strong>τίς</strong></span> <span class='ocrx_word' id='word_1_225' title='bbox 161 1769 262 1808; x_wconf 78' lang='grc' dir='ltr'><strong><em>αἰτία</em></strong></span> <span class='ocrx_word' id='word_1_226' title='bbox 291 1773 331 1809; x_wconf 76' lang='grc' dir='ltr'><strong>ὸΐ</strong></span> <span class='ocrx_word' id='word_1_227' title='bbox 356 1771 399 1821; x_wconf 83' lang='grc' dir='ltr'><strong>ἣν</strong></span> <span class='ocrx_word' id='word_1_228' title='bbox 428 1772 479 1821; x_wconf 83' lang='grc' dir='ltr'><strong>ἐν,</strong></span> <span class='ocrx_word' id='word_1_229' title='bbox 506 1771 579 1810; x_wconf 90' lang='lat' dir='ltr'><strong>hoc</strong></span> <span class='ocrx_word' id='word_1_230' title='bbox 605 1784 696 1811; x_wconf 81' lang='lat' dir='ltr'><strong>vero</strong></span> <span class='ocrx_word' id='word_1_231' title='bbox 721 1772 850 1811; x_wconf 87' lang='lat' dir='ltr'><strong>invitis</strong></span> <span class='ocrx_word' id='word_1_232' title='bbox 879 1771 1072 1811; x_wconf 86' lang='lat' dir='ltr'><strong>codicibus</strong></span> <span class='ocrx_word' id='word_1_233' title='bbox 1098 1771 1225 1811; x_wconf 86' lang='lat' dir='ltr'><strong>textui</strong></span> <span class='ocrx_word' id='word_1_234' title='bbox 1242 1769 1441 1809; x_wconf 90' lang='lat' dir='ltr'><strong>intrudere</strong></span> 
     </span>
     <span class='ocr_line' id='line_1_27' title="bbox 78 1837 1441 1888; baseline 0 -12"><span class='ocrx_word' id='word_1_235' title='bbox 78 1837 254 1888; x_wconf 85' lang='lat' dir='ltr'><strong>religioni</strong></span> <span class='ocrx_word' id='word_1_236' title='bbox 281 1851 365 1877; x_wconf 90' lang='lat' dir='ltr'><strong>esse</strong></span> <span class='ocrx_word' id='word_1_237' title='bbox 389 1838 622 1878; x_wconf 90' lang='lat' dir='ltr'><strong>habendum.</strong></span> <span class='ocrx_word' id='word_1_238' title='bbox 675 1839 788 1878; x_wconf 87' lang='lat' dir='ltr'><strong>Haec</strong></span> <span class='ocrx_word' id='word_1_239' title='bbox 815 1840 944 1879; x_wconf 88' lang='lat' dir='ltr'><strong>omnia</strong></span> <span class='ocrx_word' id='word_1_240' title='bbox 968 1852 1120 1878; x_wconf 90' lang='lat' dir='ltr'><strong>mecum</strong></span> <span class='ocrx_word' id='word_1_241' title='bbox 1150 1838 1343 1877; x_wconf 87' lang='lat' dir='ltr'><strong>volutanti</strong></span> <span class='ocrx_word' id='word_1_242' title='bbox 1378 1851 1441 1876; x_wconf 91' lang='lat' dir='ltr'><strong>su-</strong></span> 
     </span>
     <span class='ocr_line' id='line_1_28' title="bbox 81 1903 1441 1957; baseline 0.004 -18"><span class='ocrx_word' id='word_1_243' title='bbox 81 1903 205 1954; x_wconf 86' lang='lat' dir='ltr'><strong>spitio,</strong></span> <span class='ocrx_word' id='word_1_244' title='bbox 233 1916 333 1956; x_wconf 87' lang='lat' dir='ltr'><strong>quae</strong></span> <span class='ocrx_word' id='word_1_245' title='bbox 358 1904 437 1943; x_wconf 90' lang='lat' dir='ltr'><strong>iam</strong></span> <span class='ocrx_word' id='word_1_246' title='bbox 464 1905 531 1944; x_wconf 92' lang='lat' dir='ltr'><strong>diu</strong></span> <span class='ocrx_word' id='word_1_247' title='bbox 557 1908 776 1957; x_wconf 89' lang='lat' dir='ltr'><strong>pupugerat</strong></span> <span class='ocrx_word' id='word_1_248' title='bbox 802 1906 984 1955; x_wconf 86' lang='lat' dir='ltr'><strong>animum,</strong></span> <span class='ocrx_word' id='word_1_249' title='bbox 1020 1905 1245 1957; x_wconf 88' lang='lat' dir='ltr'><strong>priusquam</strong></span> <span class='ocrx_word' id='word_1_250' title='bbox 1273 1905 1321 1944; x_wconf 93' lang='lat' dir='ltr'><strong>de</strong></span> <span class='ocrx_word' id='word_1_251' title='bbox 1347 1905 1441 1944; x_wconf 93' lang='lat' dir='ltr'><strong>Plu-</strong></span> 
     </span>
    </p>
   </div>
   <div class='ocr_carea' id='block_1_3' title="bbox 83 2013 1445 2285">
    <p class='ocr_par' dir='ltr' id='par_1_4' title="bbox 83 2013 1445 2285">
     <span class='ocr_line' id='line_1_29' title="bbox 244 2013 1442 2056; baseline 0.003 -12"><span class='ocrx_word' id='word_1_252' title='bbox 244 2013 300 2054; x_wconf 77' lang='lat'><strong>⁴4]</strong></span> <span class='ocrx_word' id='word_1_253' title='bbox 323 2014 502 2045; x_wconf 79' lang='lat' dir='ltr'><strong>Duebnerus</strong></span> <span class='ocrx_word' id='word_1_254' title='bbox 525 2013 562 2045; x_wconf 76' lang='grc' dir='ltr'><strong>δὲ</strong></span> <span class='ocrx_word' id='word_1_255' title='bbox 582 2014 663 2045; x_wconf 85' lang='lat' dir='ltr'><strong>delet</strong></span> <span class='ocrx_word' id='word_1_256' title='bbox 684 2019 804 2055; x_wconf 85' lang='lat' dir='ltr'><strong>quaest.</strong></span> <span class='ocrx_word' id='word_1_257' title='bbox 827 2014 857 2047; x_wconf 87' lang='lat'><strong>8.</strong></span> <span class='ocrx_word' id='word_1_258' title='bbox 881 2020 912 2045; x_wconf 83' lang='lat' dir='ltr'><strong>ct</strong></span> <span class='ocrx_word' id='word_1_259' title='bbox 933 2014 1011 2052; x_wconf 88' lang='grc'>108,</span> <span class='ocrx_word' id='word_1_260' title='bbox 1034 2024 1147 2045; x_wconf 90' lang='lat' dir='ltr'><strong>novum</strong></span> <span class='ocrx_word' id='word_1_261' title='bbox 1180 2015 1293 2046; x_wconf 83' lang='lat' dir='ltr'><strong>addens</strong></span> <span class='ocrx_word' id='word_1_262' title='bbox 1323 2020 1442 2056; x_wconf 82' lang='lat' dir='ltr'><strong>quaest.</strong></span> 
     </span>
     <span class='ocr_line' id='line_1_30' title="bbox 86 2067 1443 2110; baseline 0.003 -11"><span class='ocrx_word' id='word_1_263' title='bbox 86 2067 139 2100; x_wconf 82' lang='lat'><strong>11:</strong></span> <span class='ocrx_word' id='word_1_264' title='bbox 172 2069 232 2101; x_wconf 86' lang='lat' dir='ltr'><strong>hoc</strong></span> <span class='ocrx_word' id='word_1_265' title='bbox 261 2072 287 2101; x_wconf 81' lang='lat' dir='ltr'><strong>si</strong></span> <span class='ocrx_word' id='word_1_266' title='bbox 320 2072 392 2102; x_wconf 86' lang='lat' dir='ltr'><strong>mihi</strong></span> <span class='ocrx_word' id='word_1_267' title='bbox 420 2082 541 2103; x_wconf 84' lang='lat' dir='ltr'><strong>assumo</strong></span> <span class='ocrx_word' id='word_1_268' title='bbox 571 2072 628 2103; x_wconf 84' lang='lat' dir='ltr'><strong>illis</strong></span> <span class='ocrx_word' id='word_1_269' title='bbox 655 2082 716 2103; x_wconf 93' lang='lat' dir='ltr'><strong>non</strong></span> <span class='ocrx_word' id='word_1_270' title='bbox 750 2072 875 2103; x_wconf 85' lang='lat' dir='ltr'><strong>abiectis</strong></span> <span class='ocrx_word' id='word_1_271' title='bbox 890 2095 898 2110; x_wconf 95' lang='lat'>‚</span> <span class='ocrx_word' id='word_1_272' title='bbox 934 2082 995 2103; x_wconf 89' lang='lat' dir='ltr'><strong>non</strong></span> <span class='ocrx_word' id='word_1_273' title='bbox 1028 2081 1140 2103; x_wconf 88' lang='lat' dir='ltr'><strong>vereor</strong></span> <span class='ocrx_word' id='word_1_274' title='bbox 1168 2082 1207 2104; x_wconf 88' lang='lat' dir='ltr'><strong>ne</strong></span> <span class='ocrx_word' id='word_1_275' title='bbox 1241 2073 1290 2103; x_wconf 88' lang='lat' dir='ltr'><strong>cui</strong></span> <span class='ocrx_word' id='word_1_276' title='bbox 1331 2073 1443 2104; x_wconf 90' lang='lat' dir='ltr'><strong>incon-</strong></span> 
     </span>
     <span class='ocr_line' id='line_1_31' title="bbox 83 2126 1443 2171; baseline 0.004 -15"><span class='ocrx_word' id='word_1_277' title='bbox 83 2126 200 2158; x_wconf 84' lang='lat' dir='ltr'><strong>cinnior</strong></span> <span class='ocrx_word' id='word_1_278' title='bbox 225 2128 340 2160; x_wconf 87' lang='lat' dir='ltr'><strong>videar.</strong></span> <span class='ocrx_word' id='word_1_279' title='bbox 392 2130 465 2161; x_wconf 83' lang='lat' dir='ltr'><strong>Nam</strong></span> <span class='ocrx_word' id='word_1_280' title='bbox 499 2130 653 2171; x_wconf 86' lang='lat' dir='ltr'><strong>quomodo</strong></span> <span class='ocrx_word' id='word_1_281' title='bbox 688 2129 725 2161; x_wconf 73' lang='grc' dir='ltr'><strong>δὲ</strong></span> <span class='ocrx_word' id='word_1_282' title='bbox 753 2135 870 2171; x_wconf 84' lang='lat' dir='ltr'><strong>quaest.</strong></span> <span class='ocrx_word' id='word_1_283' title='bbox 901 2129 939 2168; x_wconf 90' lang='lat'><strong>8,</strong></span> <span class='ocrx_word' id='word_1_284' title='bbox 969 2130 1027 2166; x_wconf 86' lang='lat'><strong>11,</strong></span> <span class='ocrx_word' id='word_1_285' title='bbox 1056 2130 1114 2162; x_wconf 87' lang='lat'><strong>108</strong></span> <span class='ocrx_word' id='word_1_286' title='bbox 1143 2131 1327 2161; x_wconf 78' lang='lat' dir='ltr'><strong>intercidere</strong></span> <span class='ocrx_word' id='word_1_287' title='bbox 1349 2136 1443 2170; x_wconf 90' lang='lat' dir='ltr'><strong>potu-</strong></span> 
     </span>
     <span class='ocr_line' id='line_1_32' title="bbox 84 2184 1443 2227; baseline 0.004 -14"><span class='ocrx_word' id='word_1_288' title='bbox 84 2184 156 2222; x_wconf 85' lang='lat' dir='ltr'><strong>erit,</strong></span> <span class='ocrx_word' id='word_1_289' title='bbox 181 2185 325 2224; x_wconf 80' lang='lat' dir='ltr'><strong>perfacile</strong></span> <span class='ocrx_word' id='word_1_290' title='bbox 354 2187 555 2227; x_wconf 82' lang='lat' dir='ltr'><strong>intellegitur,</strong></span> <span class='ocrx_word' id='word_1_291' title='bbox 593 2197 647 2218; x_wconf 89' lang='lat' dir='ltr'><strong>cur</strong></span> <span class='ocrx_word' id='word_1_292' title='bbox 680 2188 719 2218; x_wconf 80' lang='lat' dir='ltr'><strong>sit</strong></span> <span class='ocrx_word' id='word_1_293' title='bbox 753 2196 771 2216; x_wconf 84' lang='lat' dir='ltr'><strong>a</strong></span> <span class='ocrx_word' id='word_1_294' title='bbox 803 2186 931 2217; x_wconf 81' lang='lat' dir='ltr'><strong>librariis</strong></span> <span class='ocrx_word' id='word_1_295' title='bbox 964 2187 1113 2225; x_wconf 84' lang='lat' dir='ltr'><strong>additum,</strong></span> <span class='ocrx_word' id='word_1_296' title='bbox 1148 2197 1211 2218; x_wconf 89' lang='lat' dir='ltr'><strong>non</strong></span> <span class='ocrx_word' id='word_1_297' title='bbox 1244 2188 1328 2220; x_wconf 89' lang='lat' dir='ltr'><strong>item.</strong></span> <span class='ocrx_word' id='word_1_298' title='bbox 1391 2188 1443 2219; x_wconf 85' lang='lat' dir='ltr'><strong>Sin</strong></span> 
     </span>
     <span class='ocr_line' id='line_1_33' title="bbox 84 2242 1445 2285; baseline 0.004 -15"><span class='ocrx_word' id='word_1_299' title='bbox 84 2249 156 2272; x_wconf 83' lang='lat' dir='ltr'><strong>vero</strong></span> <span class='ocrx_word' id='word_1_300' title='bbox 178 2242 332 2275; x_wconf 86' lang='lat' dir='ltr'><strong>Duebneri</strong></span> <span class='ocrx_word' id='word_1_301' title='bbox 354 2244 509 2276; x_wconf 86' lang='lat' dir='ltr'><strong>codicibus</strong></span> <span class='ocrx_word' id='word_1_302' title='bbox 531 2245 673 2276; x_wconf 82' lang='lat' dir='ltr'><strong>censebis</strong></span> <span class='ocrx_word' id='word_1_303' title='bbox 701 2254 769 2276; x_wconf 81' lang='lat' dir='ltr'><strong>esse</strong></span> <span class='ocrx_word' id='word_1_304' title='bbox 798 2244 1036 2285; x_wconf 86' lang='lat' dir='ltr'><strong>obsequendum,</strong></span> <span class='ocrx_word' id='word_1_305' title='bbox 1067 2245 1114 2284; x_wconf 86' lang='lat' dir='ltr'><strong>(et</strong></span> <span class='ocrx_word' id='word_1_306' title='bbox 1145 2254 1201 2284; x_wconf 85' lang='lat' dir='ltr'><strong>per</strong></span> <span class='ocrx_word' id='word_1_307' title='bbox 1229 2245 1342 2275; x_wconf 86' lang='lat' dir='ltr'><strong>hiatum</strong></span> <span class='ocrx_word' id='word_1_308' title='bbox 1374 2245 1445 2275; x_wconf 85' lang='lat' dir='ltr'><strong>licet</strong></span> 
     </span>
    </p>
   </div>
   <div class='ocr_carea' id='block_1_4' title="bbox 84 2296 1446 2390">
    <p class='ocr_par' dir='ltr' id='par_1_5' title="bbox 84 2296 1446 2390">
     <span class='ocr_line' id='line_1_34' title="bbox 84 2296 1446 2344; baseline 0.002 -15"><span class='ocrx_word' id='word_1_309' title='bbox 84 2296 120 2326; x_wconf 74' lang='lat' dir='ltr'><strong>iis</strong></span> <span class='ocrx_word' id='word_1_310' title='bbox 150 2298 396 2342; x_wconf 84' lang='lat' dir='ltr'><strong>obtemperare),</strong></span> <span class='ocrx_word' id='word_1_311' title='bbox 432 2311 517 2333; x_wconf 85' lang='lat' dir='ltr'><strong>meae</strong></span> <span class='ocrx_word' id='word_1_312' title='bbox 556 2303 807 2344; x_wconf 80' lang='lat' dir='ltr'><strong>argumentationi</strong></span> <span class='ocrx_word' id='word_1_313' title='bbox 847 2301 896 2333; x_wconf 85' lang='lat' dir='ltr'><strong>vel</strong></span> <span class='ocrx_word' id='word_1_314' title='bbox 939 2312 976 2334; x_wconf 85' lang='lat' dir='ltr'><strong>ea</strong></span> <span class='ocrx_word' id='word_1_315' title='bbox 1003 2312 1083 2343; x_wconf 84' lang='lat' dir='ltr'><strong>quae</strong></span> <span class='ocrx_word' id='word_1_316' title='bbox 1124 2302 1279 2334; x_wconf 83' lang='lat' dir='ltr'><strong>restabunt</strong></span> <span class='ocrx_word' id='word_1_317' title='bbox 1310 2301 1446 2342; x_wconf 79' lang='lat' dir='ltr'><strong>exempla</strong></span> 
     </span>
     <span class='ocr_line' id='line_1_35' title="bbox 85 2355 245 2390; baseline 0.031 -5"><span class='ocrx_word' id='word_1_318' title='bbox 85 2355 245 2390; x_wconf 71' lang='lat' dir='ltr'><strong>sufficient.</strong></span> 
     </span>
    </p>
   </div>
   <div class='ocr_carea' id='block_1_5' title="bbox 1237 2416 1262 2455">
    <p class='ocr_par' dir='ltr' id='par_1_6' title="bbox 1237 2416 1262 2455">
     <span class='ocr_line' id='line_1_36' title="bbox 1237 2416 1262 2455; baseline 0 0"><span class='ocrx_word' id='word_1_319' title='bbox 1237 2416 1262 2455; x_wconf 90' lang='lat'>2</span> 
     </span>
    </p>
   </div>
  </div>
 </body>
</html>
