1642 2813
863 95 915 132 24

204 186 552 238 breviloquentiam
588 185 900 238 gravitatemque
930 185 1085 226 videtur
1110 186 1255 226 imitari
1281 187 1451 227 voluisse
1478 201 1564 228 ora-

202 255 319 294 tionis
358 253 560 292 lenociniis
601 253 825 293 destitutam
839 254 906 304 ⁵⁷),
944 254 1002 293 ita
1036 256 1081 293 ut
1117 267 1138 293 e
1162 254 1363 294 Benseleri
1389 267 1566 296 censeam

205 321 434 361 coniecturis
473 318 516 356 τὸ
563 319 769 369 ἀπόστημα
810 322 879 357 τοῦ
918 320 1028 370 ἡλιου
1063 343 1114 350 —
1143 321 1265 360 καίτοι
1302 319 1356 370 γ’ὃ
1393 343 1444 351 —
1481 326 1571 360 συλ-

207 386 474 438 λογιζομένους
502 384 655 436 ἀπέχειν
683 385 746 426 τὸν
772 384 880 436 ἥλιον
908 387 1029 440 (quod
1065 388 1219 429 omnino
1255 392 1359 429 stare
1385 403 1466 430 non
1503 404 1572 442 po·-

204 456 298 504 test)
335 468 412 494 non
452 455 527 493 nisi
571 455 735 493 alteram
775 453 899 491 καίτοι
938 453 1000 503 γ’ὅ
1038 468 1124 495 esse
1158 456 1431 508 recipiendam.
1483 457 1573 497 Non

204 523 333 561 minus
376 522 478 560 bene
524 521 617 560 ferri
663 523 793 574 potest
834 521 910 560 480
929 520 955 559 d
984 521 1035 560 ‘O
1058 552 1067 561 .
1093 552 1102 562 .
1128 552 1137 562 .
1176 522 1455 574 Πεισίστρατος
1495 525 1575 563 ἐπι-

206 591 338 641 γαμῶν
364 589 405 627 ὲν
435 586 562 641 ἡλικίᾳ
591 584 679 627 οὖσι
720 590 840 641 (reete
870 589 1027 629 Duebn.
1056 591 1244 639 ἐνηλίκοις
1278 585 1380 640 οὖσι)
1413 596 1492 635 τοῖς
1519 589 1575 629 υἷ-

209 662 265 701 οἴς
302 654 395 706 ἔφη,
437 656 597 699 Καλοὺς
634 655 700 695 καί
741 656 908 706 ἇγαθοῦς
950 656 1115 700 ἐκείνους
1155 652 1249 695 εἶναι
1285 656 1574 707 ἡγούμενος...

210 737 446 776 quamquam
473 737 561 763 cum
588 724 660 762 189
679 723 716 773 d,
742 723 811 762 ubi
834 722 939 763 idem
965 722 1142 774 refertur,
1177 724 1307 763 hiatus
1335 725 1385 763 sit
1412 726 1576 767 evitatus

211 792 412 844 soleatque
439 791 672 830 Plutarchus
710 788 878 840 ἡγεῖσθαι
916 790 1034 830 verbo
1063 786 1158 828 εἶναι
1184 792 1324 832 omisso
1358 805 1504 844 ponere
1517 795 1576 845 ⁵⁸),

208 860 339 898 nescio
367 872 418 897 an
448 855 541 896 εἶναι
567 858 629 896 hic
658 869 810 908 quoque
842 857 892 895 sit
924 857 1196 896 inducendum.
1264 858 1314 897 In
1347 859 1469 899 altero
1509 873 1577 911 ge-

210 940 304 967 nere
332 926 551 975 citatorum,
578 924 648 963 ubi
676 923 797 963 verba
824 923 952 963 aliena
974 937 1131 963 suorum
1159 926 1432 966 constructioni
1458 927 1577 979 adap-

211 995 322 1045 tavit,
358 993 463 1032 idem
491 992 720 1045 conspicuus
749 994 808 1030 cst
842 991 1023 1031 hiatuum
1059 1004 1191 1032 amor:
1226 1005 1314 1032 nam
1351 994 1578 1048 plerumque

212 1076 260 1102 ea
286 1063 396 1101 hiatu
423 1061 553 1112 aliquo
582 1059 739 1099 donavit
776 1059 858 1098 sive
880 1059 1053 1098 imitatus
1077 1060 1245 1111 primum
1281 1073 1414 1100 eorum
1448 1065 1579 1102 aucto-

211 1145 295 1172 rem
322 1130 404 1169 sive
429 1129 514 1181 ipso
541 1128 608 1167 illo
632 1127 810 1166 hiatuum
834 1127 1042 1166 liberalior.
1095 1127 1159 1166 Ita
1188 1127 1274 1167 71d
1301 1124 1320 1164 ὃ
1345 1129 1578 1179 Θουκυδάῒης

212 1198 302 1244 τοὺς
328 1196 565 1247 Κορινθίους
595 1194 770 1243 λέγοντας
797 1196 885 1243 περὶ
901 1193 1027 1232 αὐτῶν
1054 1193 1264 1243 πεποίηκεν,
1293 1194 1344 1239 ὥς
1368 1192 1581 1240 ἄξιοιέἷσιν

215 1266 361 1313 ἑτέροις
405 1262 529 1311 ψόγον
567 1262 770 1310 ἐπενεγκεῖν
806 1260 943 1298 sumsit
978 1272 1000 1299 e
1033 1260 1207 1312 Thucyd.
1241 1260 1274 1299 I.
1310 1261 1359 1299 70
1394 1260 1459 1298 καί
1491 1259 1580 1308 ἅμα,

214 1334 315 1381 εἰπερ
343 1330 443 1377 τινὲς
471 1327 536 1365 καί
568 1324 690 1370 ἄλλοι,
723 1323 822 1371 ἄξιοι
848 1327 1053 1374 νομίζομεν
1078 1322 1172 1363 εἶναι
1197 1331 1277 1372 τοῖς
1312 1328 1430 1373 πέλας
1461 1327 1583 1378 ψόγον

216 1402 422 1448 ἐπενεγκεῖν
458 1398 498 1434 et
533 1396 640 1433 6060
674 1393 828 1445 scripsit
863 1391 1080 1443 (Διογένης)
1116 1394 1167 1437 εἷς
1202 1395 1244 1429 τό
1281 1395 1349 1430 τοῦ
1389 1395 1582 1433 Φιλίππου

221 1464 478 1514 στρατόπεδον
505 1458 704 1512 παρελθών
729 1489 738 1498 .
756 1489 765 1498 .
782 1489 792 1498 .
822 1459 887 1497 καί
909 1461 1006 1508 πρός
1044 1459 1160 1498 αὐτᾶν
1186 1458 1361 1509 ἀναχθεὶς
1396 1458 1447 1505 ὥς
1473 1459 1585 1498 κοιτά-

220 1544 376 1578 σκοπος,
407 1528 488 1567 Ναί
510 1526 750 1570 κατάσκοπος
766 1524 829 1576 ⁸9),
867 1524 951 1574 ἔφη,
981 1525 1048 1572 τῆς
1084 1521 1296 1574 ἀπληστίας
1322 1525 1483 1577 ἀφῖχθαι
1517 1524 1585 1564 αὖ.

217 1639 285 1661 cum
314 1633 344 1659 et
370 1636 481 1666 magno
522 1635 590 1657 meo
620 1625 731 1666 gaudio
760 1626 860 1657 statim
887 1625 972 1656 initio
1005 1625 1107 1665 operis
1136 1624 1224 1662 (edit.
1254 1624 1368 1657 Wnllis.
1406 1634 1476 1666 pag.
1497 1625 1579 1662 569)

219 1687 341 1726 repperi
363 1695 398 1716 ea
419 1685 513 1715 verba
535 1693 609 1724 quse
630 1683 709 1714 haud
731 1683 821 1714 dubie
843 1683 1003 1713 Plutarcho
1026 1688 1096 1714 ante
1117 1682 1224 1714 oculos
1247 1684 1378 1714 suerum.
1410 1683 1485 1714 Sunt
1505 1683 1583 1713 enim

221 1746 314 1777 haec:
339 1743 574 1784 ἑπιλογίζεται
600 1737 664 1773 οὖν
688 1741 726 1772 ῐο“
750 1741 812 1771 τοῦ
836 1740 934 1779 ἡλίου
958 1739 1146 1781 ἀπόστημα
1170 1739 1244 1772 dno*
1266 1741 1325 1779 τῆς
1356 1741 1420 1781 γῆς
1442 1740 1504 1772 τοῦ
1526 1741 1585 1779 τῆς

222 1802 363 1841 σελήνηᾶ
388 1799 639 1841 α’ποστνίματος
662 1801 785 1840 μεῖζον
810 1800 880 1839 μέν
902 1797 924 1836 »ἴ
947 1797 1357 1836 ὀκτωκαιδεκαπλάσιον,
1380 1798 1529 1830 ἔλασσον
1548 1796 1586 1829 δὲ

222 1859 242 1898 ἢ
264 1858 545 1890 εἰκοσιπλάσιον.

347 1914 404 1956 57)
427 1914 561 1945 Eandem
593 1913 632 1945 ob
665 1921 785 1944 causam
814 1912 989 1944 retinuerim
1022 1920 1114 1952 supra
1147 1910 1295 1952 οῖπέχει,
1326 1913 1438 1954 φησὶν
1467 1913 1544 1953 (hoc
1570 1922 1588 1944 e

222 1975 342 2006 Duebm
375 1973 566 2012 assumens),
601 1971 704 2012 ἤμῶν
736 1980 814 2011 quae
851 1975 916 2001 erat
950 1970 1072 2010 vulgata
1110 1975 1179 2000 ante
1210 1971 1476 2011 Wyttenbnchinm
1507 1980 1586 2002 nova

223 2032 353 2063 lectione
378 2029 527 2070 α’πέχειν
550 2030 662 2069 φησὶν
685 2028 787 2071 »ἱμῶν
808 2028 885 2059 haud
908 2027 1008 2068 paullo
1032 2026 1209 2068 elegantior.

347 2088 404 2130 58)
427 2087 481 2120 cfr.
505 2088 573 2120 350
597 2084 756 2130 ιΌμηρος
778 2110 786 2119 .
810 2110 819 2121 .
846 2110 854 2118 .
888 2084 965 2118 οὔτε
998 2086 1130 2127 ψεκτόν
1161 2084 1357 2128 ἡγούμενος
1384 2086 1424 2117 τὰ
1451 2086 1503 2128 μή
1529 2086 1587 2117 αι’-

225 2144 344 2183 σχρθν,
367 2142 435 2173 55d
457 2141 510 2171 δεῖ
525 2142 565 2172 τὰ
587 2140 784 2181 εὐφραῖνον
808 2141 869 2169 καὶ
891 2139 1126 2180 χαριζόμενον
1151 2139 1316 2180 ἡγεῖσθαι
1339 2139 1496 2179 φιλικόν,
1519 2136 1588 2169 65η

225 2195 330 2225 κοινοῖ
353 2194 421 2235 γὰρ
447 2193 488 2223 τὰ
510 2193 626 2234 φίλων
649 2191 856 2235 ἡγούμενος,
879 2193 938 2226 525
954 2202 971 2223 c
992 2191 1029 2233 (ὁ
1051 2190 1232 2235 Δημάδης)
1260 2191 1322 2226 τοῖς
1342 2189 1501 2229 Ἀθήνας
1522 2200 1587 2230 μι-

225 2248 312 2287 κρόν
335 2246 531 2288 ἡγούμενος
553 2247 611 2284 τῆς
633 2244 789 2280 α’σωτίας
812 2244 974 2287 ἐφόδιον.

349 2300 407 2334 59)
436 2300 512 2331 haec
535 2301 594 2330 duo
617 2299 766 2330 vocabula
798 2300 828 2330 in
851 2297 1005 2330 Duebneri
1025 2297 1158 2328 editione
1185 2297 1254 2336 ipso
1275 2296 1356 2327 hand
1376 2295 1466 2326 dubie
1493 2293 1588 2325 invito

224 2353 453 2387 interciderunt.
