1642 2813
834 61 884 98 22

182 152 336 204 singula
362 152 537 192 membra
562 154 644 192 tam
670 165 814 204 magna
841 153 1048 193 intercedit
1073 166 1209 206 pausa,
1245 157 1289 193 ut
1315 153 1446 194 hiatus
1472 164 1552 193 non

182 220 355 259 exsistat.
396 219 474 259 Sed
501 221 608 260 nullo
635 219 750 259 modo
779 233 937 271 possum
963 221 1173 260 Benselero
1202 222 1381 260 assentiri
1394 221 1439 270 ⁵⁵)
1467 220 1549 259 hia-

183 291 267 326 tum
295 299 381 326 esse
407 286 613 326 ferendum
639 288 795 339 putanti
826 288 926 327 inter
963 288 1039 328 duo
1065 288 1276 338 vocabula,
1314 301 1413 340 quae
1439 287 1550 327 Reis-

182 355 270 393 kius
297 354 559 393 Hutteniusve
585 356 649 393 vel
676 355 930 394 commatibus
956 359 1187 407 separarunt
1215 358 1272 398 (et
1298 355 1401 393 iusto
1435 355 1552 404 longe

183 421 337 472 saepius
364 420 405 459 id
431 420 578 459 factum
605 425 700 472 est),
725 421 816 473 quia
842 423 994 460 tantam
1020 422 1149 461 hiatus
1168 420 1339 474 ponendi
1355 420 1552 459 licentiam

184 489 216 527 si
240 488 450 527 Plutarcho
479 488 796 534 condonaremus,
824 501 981 539 prorsus
1008 501 1086 528 non
1112 491 1247 539 posset
1271 488 1446 538 intellegi
1470 487 1553 525 hia-

183 559 294 593 tuum
321 556 433 592 tanta
457 554 597 592 raritas
612 555 672 593 56).
727 555 867 607 Itaque
906 554 956 593 ad
982 555 1260 594 removendum
1296 554 1447 592 hiatum
1480 566 1553 593 nec

183 634 260 661 non
286 625 447 673 propter
471 622 705 661 sententiam
734 623 806 660 165
823 622 848 660 d
873 635 944 673 pro
970 621 1089 669 μόνος
1117 622 1157 659 δὲ
1186 620 1204 658 ὃ
1234 620 1355 669 φόβος
1388 617 1460 667 οὐχ
1489 615 1553 670 ἧτ-

184 703 250 727 τον
278 684 330 724 ὢν
365 684 511 735 τόλμης
540 686 666 736 ἐνδεὴς
694 683 717 735 ἢ
746 690 945 736 λογισμοῦ,
984 684 1176 737 ἄπρακτον
1204 685 1280 737 ἔχει
1392 688 1433 725 τῦ
1462 684 1555 725 ‹226-

183 769 313 804 ytorov
351 767 490 794 censeo
537 756 723 804 λογισμοῦ
760 755 825 791 καί
849 755 1038 806 (insuper)
1065 754 1254 805 ἄπρακτον
1290 758 1329 793 et
1363 754 1467 792 2511*
1497 751 1554 800 (αἱ

186 819 338 871 ιἐρίδες)
368 819 534 869 ἔστησαν
560 821 757 870 τοπραῖτον
787 821 912 872 σιωπῇ
940 818 1059 865 ὁσίως
1083 820 1356 870 προισχόμεναι
1390 818 1456 865 τὰς
1482 818 1555 859 ἱκε-

187 888 320 937 τηρίας
355 901 439 928 esse
476 889 602 938 σιωπῇ
639 886 704 924 καί
744 886 862 932 ὁσίως
899 889 1130 939 legendum,
1172 887 1380 926 delendum
1425 891 1557 926 autem

188 955 298 992 2978,
334 949 516 1001 οἷλάστωρ
552 952 624 999 μὲν
652 951 828 1002 κέκληται
865 951 883 990 ὁ
913 949 1060 1002 ἄληστα
1083 983 1092 993 .
1110 983 1145 993 ..
1174 953 1360 1002 δεδρακώς
1395 954 1558 994 verbum

190 1020 369 1069 κέκληται
404 1020 542 1059 eadem
578 1020 728 1059 ratione
764 1034 788 1059 a
820 1021 987 1060 librariis
1022 1021 1197 1061 additum
1234 1033 1310 1072 qua
1347 1024 1558 1070 καλεῖσθαι,

192 1086 295 1138 quod
329 1086 565 1126 Benselerus
600 1091 640 1126 et
670 1088 902 1127 Duebnerus
935 1088 1047 1127 412b
1084 1088 1327 1140 expulerunt.
1389 1086 1557 1140 Propter

189 1154 424 1194 sententiam
458 1155 553 1194 item
588 1155 859 1207 corrigendum
895 1159 955 1195 est
990 1155 1094 1208 quod
1128 1155 1240 1194 303d
1265 1155 1409 1206 legitur
1443 1156 1478 1194 εἰ
1511 1154 1559 1204 δὴ

190 1223 301 1258 τοῦτο
338 1220 478 1269 ἀληθές
509 1221 611 1270 ἐστι,
649 1222 821 1271 (patierat
854 1218 924 1269 οὐχ
960 1221 1024 1258 ἕνα
1057 1221 1280 1268 πλουτίσαι,
1317 1219 1482 1265 πολλοὺς
1518 1221 1559 1259 δὲ

191 1289 315 1324 σῶσαι
351 1282 397 1324 δι’
436 1284 521 1333 ἑνὸς
549 1284 572 1336 ἡ
599 1288 688 1333 θεὸς
712 1286 924 1338 θελῆσασα.
988 1287 1119 1327 Vertit
1144 1287 1218 1327 hoc
1249 1287 1453 1340 Xylander
1482 1287 1558 1328 ita:

193 1383 210 1402 „
226 1385 233 1392 .
250 1383 259 1393 .
275 1383 284 1392 .
309 1354 463 1394 videtur
488 1355 563 1394 dea
588 1368 667 1393 non
693 1368 813 1393 unum
841 1355 978 1404 ditare,
1013 1355 1083 1393 sed
1117 1355 1257 1394 multos
1292 1355 1406 1393 unius
1447 1355 1559 1393 mini-

190 1421 307 1460 sterio
340 1434 495 1462 servare
522 1422 715 1461 voluisse“
746 1421 850 1474 quod
882 1421 915 1461 si
941 1422 1173 1461 Plutarchus
1201 1422 1416 1475 exprimere
1448 1422 1557 1461 volu-

189 1488 296 1538 isset,
321 1489 537 1539 scripsisset
563 1489 671 1527 haud
697 1489 814 1527 dubie
842 1518 851 1527 .
869 1518 878 1526 .
899 1518 908 1526 .
937 1489 1155 1537 πλούτίσαι,
1193 1487 1291 1525 ἀλλὰ
1328 1489 1449 1533 (1111110
1474 1489 1558 1527 hia-

190 1558 273 1593 tum
300 1568 415 1606 quam
440 1567 519 1593 non
547 1555 673 1594 oderit
700 1567 818 1607 supra
844 1554 1027 1605 vidimus)
1056 1554 1223 1599 πολλοὺς
1251 1556 1399 1595 σῶσαι,
1421 1584 1457 1595 ..
1504 1555 1559 1594 Δὲ

192 1623 296 1661 enim
329 1623 521 1674 particula
558 1623 628 1662 tali
672 1623 905 1675 oppositioni
948 1623 1225 1673 significandae
1260 1636 1339 1662 non
1382 1636 1455 1674 par
1487 1625 1558 1661 est.

194 1690 323 1736 Quare
359 1704 448 1730 cum
480 1691 610 1730 hiatus
646 1690 819 1742 φαίνεται
856 1687 927 1740 οὐχ
961 1703 1038 1730 11011
1073 1691 1197 1742 possit
1232 1703 1318 1730 cum
1347 1690 1559 1729 Benselero

191 1770 315 1810 pausa
342 1758 532 1807 excusari,
565 1758 606 1796 in
632 1758 692 1796 his
716 1757 843 1796 verbis
868 1757 1005 1796 vitium
1032 1757 1256 1796 delitescere
1283 1760 1378 1809 puto
1405 1757 1559 1796 Plutar-

192 1825 382 1876 chumque
424 1824 621 1876 scripsisse
666 1823 837 1874 φαίνεται
880 1820 979 1873 τόνγ’
1026 1823 1090 1863 ἕνα
1126 1825 1356 1863 πλουτίσαι.
1373 1853 1382 1862 .
1399 1854 1408 1863 .
1435 1823 1559 1863 Multo

192 1892 317 1930 minus
342 1904 458 1942 posse
494 1891 664 1930 dubitari
699 1891 852 1930 videtur
886 1891 935 1930 de
961 1891 1115 1930 medela
1148 1890 1371 1930 adhibenda
1412 1891 1514 1930 169f
1538 1888 1557 1929 ὃ

192 1959 246 2006 μὴ
271 1957 437 2005 νομίζων
463 1960 575 2003 θεοὺς
604 1954 711 2004 εἶναι,
739 1956 895 2002 ἀνόσιός
922 1958 1046 2004 ἐστιν;
1073 1955 1091 1995 ὃ
1120 1958 1161 1997 δὲ
1182 1955 1378 2001 τοιούτους
1397 1955 1560 2005 νομίζων

194 2026 297 2070 οἵους
332 2024 367 2063 οἱ
404 2025 724 2073 δεισιὸαᾴιονες..
776 2025 879 2063 Nam
915 2022 1006 2063 dvm
1045 2038 1129 2065 esse
1165 2024 1370 2064 delendum
1405 2036 1559 2075 compa-

193 2091 293 2131 ratio
324 2090 541 2142 persuadet
559 2103 639 2130 11011
665 2091 791 2130 solum
825 2091 988 2130 aliorum
1013 2091 1214 2131 Plutarchi
1247 2092 1419 2132 locorum
1453 2092 1561 2131 velut

319 2230 378 2269 55]
402 2239 461 2260 nec
484 2230 662 2261 Sintenisius
685 2230 849 2261 assentitur
870 2230 927 2262 cfr.
950 2232 1038 2271 epist.
1062 2240 1132 2271 pag.
1160 2230 1206 2263 13.

319 2302 376 2344 56)
400 2303 504 2334 eadem
528 2312 621 2343 pausa
644 2314 697 2334 sua
720 2305 822 2343 inepta
842 2304 1023 2335 Benselerus
1052 2309 1132 2335 totas
1153 2304 1218 2334 fere
1245 2303 1379 2333 hintuum
1406 2303 1559 2334 centuri-u

195 2363 225 2393 in
246 2360 455 2392 Demosthene
476 2361 633 2392 excusavit
653 2360 708 2391 cfr.
732 2369 800 2402 pag.
824 2360 874 2400 93,
896 2360 949 2402 94,
975 2362 1042 2395 100.
