1642 2813
850 81 874 117 2

184 185 336 213 8111111110
360 185 403 213 10
429 172 509 212 10111
543 174 675 223 potest
700 172 914 213 existimari
939 184 1066 224 neque
1102 172 1224 213 donec
1258 175 1364 213 certa
1395 175 1553 213 eruatur

180 241 337 290 veritas,
366 239 647 279 infructuosum
674 239 748 279 erit
773 238 969 292 inquirere
1009 239 1164 292 qualem
1200 253 1300 293 quae
1325 253 1427 280 nunc
1462 243 1552 280 sunt

184 320 206 347 e
235 307 432 347 codicibus
456 310 550 347 nota
576 306 765 360 praebere
792 307 1008 348 videantur.
1037 307 1154 355 Quod
1166 321 1305 349 munus
1320 322 1552 361 quamquam

181 375 416 415 Benselerus
444 378 683 426 susceperat,
710 378 844 414 tamen
868 387 947 414 non
974 376 1030 414 ita
1057 387 1103 415 00
1129 376 1282 415 functus
1318 378 1389 423 est,
1416 378 1461 414 ut
1487 376 1554 428 qui

181 442 285 482 idem
311 442 438 482 denuo
467 442 595 493 obeat,
623 446 775 495 tempus
804 445 843 482 01
870 443 997 482 01011111
1024 443 1241 495 perdidisse
1255 444 1306 483 sit
1324 443 1549 483 censendus.

182 509 338 548 Etenim
376 522 454 548 non
483 511 608 548 solum
634 510 741 549 locos
776 510 924 561 aliquot
949 510 1015 548 ille
1042 510 1310 561 praetervidit,
1355 509 1459 562 quod
1485 509 1552 548 vix

185 576 366 616 evitabile
394 579 478 616 erat
504 577 546 616 in
571 576 758 616 librorum
786 589 881 629 quos
909 577 1113 629 amplexus
1142 581 1202 617 est
1227 581 1338 617 tanta
1351 578 1464 627 mole,
1487 589 1552 616 ve-

183 657 268 683 rum
295 644 412 684 etiam
440 658 536 697 quas
564 645 720 696 regulas
730 644 983 683 Plutarchum
1009 645 1049 684 in
1075 645 1186 685 hiatu
1213 645 1452 684 admittendo
1468 656 1553 684 esse

184 714 358 752 secutum
394 713 602 764 putaverit,
642 723 768 764 neque
804 724 977 751 seorsum
1012 712 1137 751 voluit
1178 713 1386 764 explicare,
1425 723 1552 763 neque

183 783 315 832 potest
339 793 360 819 0
385 780 626 831 singulorum
653 779 824 819 locorum
850 779 1083 820 tractatione
1110 793 1250 832 parum
1286 782 1487 821 accurrata
1515 782 1555 819 et

186 850 388 887 constante
414 847 556 898 ubique
582 846 768 897 intellegi.
823 846 988 885 Accedit
1015 847 1119 898 quod
1143 860 1194 886 ex
1220 847 1267 886 iis
1296 860 1391 899 quos
1423 846 1553 897 cogni-

188 917 249 954 tos
289 914 426 953 habuit
465 914 571 963 locis,
619 926 669 953 ne
695 913 745 952 de
789 914 971 953 universa
1001 913 1160 965 quidem
1200 927 1243 953 10
1271 927 1423 967 semper
1448 917 1554 953 recta

186 981 340 1020 videtur
364 981 597 1021 conclusisse
613 983 652 1019 et
676 981 717 1018 in
735 980 897 1030 singulis
923 980 1018 1020 locis
1033 980 1286 1020 emendandis
1306 994 1399 1020 mox
1416 981 1555 1020 idoneo

189 1048 397 1088 destitutus
422 1047 619 1100 scriptoris
645 1060 718 1086 usu
742 1059 821 1086 non
847 1047 1066 1099 probabilia
1093 1048 1342 1100 excogitavit,
1369 1061 1462 1089 mox
1484 1048 1552 1088 ab·

188 1119 322 1168 reptus
347 1115 509 1155 levitate
535 1128 606 1154 sua
631 1117 747 1166 atque
782 1114 1033 1165 neglegentia
1058 1127 1184 1165 paene
1218 1115 1435 1154 incredibili
1468 1126 1557 1166 pro-

188 1182 329 1235 posuit,
358 1194 457 1234 quae
481 1193 560 1220 non
586 1181 737 1233 possint
750 1193 828 1220 non
841 1180 1106 1232 maximopere
1123 1181 1336 1233 vituperari
1347 1181 1391 1232 ⁴).
1428 1181 1557 1228 Quare

191 1249 372 1303 equidem
399 1261 486 1288 cum
512 1248 606 1287 mihi
641 1247 900 1301 persuaserim
931 1261 1011 1287 non
1046 1261 1162 1301 posse
1197 1249 1324 1288 solum
1358 1262 1436 1289 non
1476 1248 1558 1289 sine

195 1318 334 1367 fructu,
376 1316 446 1356 sed
487 1316 629 1355 debere
655 1316 733 1355 iam
759 1315 859 1355 hanc
883 1315 1147 1368 quaestionem
1175 1316 1389 1367 retractari,
1433 1329 1559 1368 pauca

194 1396 293 1437 quae
319 1384 440 1424 totius
468 1383 729 1424 absolvendae
755 1383 861 1423 viam
892 1383 1081 1433 muniant,
1110 1383 1203 1423 data
1228 1383 1302 1424 hac
1337 1384 1558 1425 occassione

190 1452 385 1505 proferam
413 1451 675 1504 disputatione
701 1451 757 1490 ita
783 1450 973 1500 instituta,
999 1453 1044 1491 ut
1068 1451 1236 1503 primum
1262 1450 1487 1491 confirmem
1520 1451 1561 1491 in

192 1519 396 1559 Plutarchi
437 1518 652 1562 Moralibus
695 1530 885 1570 apparere
920 1531 963 1557 re
1000 1531 1094 1557 vera
1133 1520 1286 1557 tantum
1312 1518 1440 1558 hiatus
1481 1519 1561 1558 evi-

190 1587 300 1625 tandi
327 1585 510 1633 studium,
546 1589 590 1624 ut
616 1597 695 1625 11011
720 1585 912 1636 possimus
949 1584 1128 1624 dubitare
1156 1584 1249 1636 quin
1276 1587 1400 1624 certas
1422 1585 1463 1624 in
1487 1585 1563 1626 hac

192 1666 235 1693 re
259 1653 370 1704 leges
395 1652 559 1704 scriptor
586 1652 636 1690 sit
662 1654 830 1701 secutus,
858 1650 999 1690 deinde
1025 1652 1134 1702 leges
1159 1651 1246 1690 illas
1273 1652 1406 1703 quales
1443 1651 1563 1691 fuisse

198 1721 417 1770 videantur,
446 1720 645 1771 aliquanto
660 1719 817 1758 uberius
842 1731 1032 1769 enarrem,
1057 1720 1255 1770 postremo
1282 1731 1399 1770 agam
1426 1718 1476 1759 de
1489 1719 1565 1759 sin-

199 1789 400 1840 gularibus
429 1787 660 1840 quibusdam
687 1786 781 1826 locis
807 1788 968 1839 propter
991 1786 1141 1826 hiatum
1168 1785 1433 1826 emendandis.

320 1870 573 1910 Plutarchum
600 1882 753 1909 osorem
779 1869 897 1909 fuisse
922 1869 1050 1908 hiatus
1077 1868 1369 1907 acerbissimum
1383 1868 1474 1917 („de
1489 1880 1564 1921 quo

195 1938 261 1990 qui
288 1938 445 1989 sapiunt
469 1950 548 1976 non
574 1937 741 1987 amplius
766 1935 968 1975 dubitant“
996 1938 1097 1974 teste
1123 1935 1330 1974 Sintenisio
1349 1934 1562 1975 Vitanvol.

195 2005 255 2045 IV
280 2004 477 2056 praefat),
506 2004 583 2043 duo
610 2003 854 2055 potissimum
881 2005 1112 2055 argumenta
1148 2002 1316 2054 probant
1347 2001 1562 2042 Moralibus

198 2085 287 2111 cum
323 2072 426 2112 Vitis
465 2072 695 2122 communia,
735 2071 943 2111 verborum
985 2070 1188 2111 collocatio
1221 2073 1262 2110 01
1296 2070 1437 2110 raritas
1481 2069 1564 2109 hia-

318 2202 353 2243 4)
374 2202 454 2234 Idem
473 2203 537 2234 fere
559 2202 597 2234 de
619 2203 741 2233 ratione
767 2212 828 2243 qua
848 2202 879 2233 in
903 2200 978 2232 Vitis
998 2199 1181 2232 Benselerus
1203 2208 1267 2231 rem
1290 2199 1395 2240 gessit,
1430 2197 1565 2231 811110111-

197 2259 261 2291 sius
283 2259 429 2307 iudicavit
451 2269 519 2301 pag.
542 2261 560 2291 5
585 2259 761 2299 „Benseleri
783 2258 979 2301 opinionibus
999 2267 1092 2299 saepe
1114 2256 1336 2297 audacissimis,
1348 2256 1497 2288 interdum
1519 2255 1565 2287 Ιο-

197 2317 359 2356 νίιρίιιιὶε“,
382 2326 450 2358 pag.
474 2318 493 2348 6
517 2316 620 2356 „leves
642 2316 831 2357 [Romulei-i)
853 2322 884 2348 et
904 2315 1098 2347 incredibiles
1119 2313 1371 2346 inficiationes!
