1642 2813
861 63 909 103 18

203 157 328 198 tarchi
368 157 454 197 odio
493 157 624 197 hiatus
663 157 856 210 inquirere
890 157 1162 209 instituissem,
1205 158 1347 198 mirum
1381 160 1567 211 quantum

201 228 315 264 aucta
343 227 412 264 est.
466 225 624 265 Etenim
651 225 764 264 credo
794 224 1062 277 quaestionum
1087 225 1226 263 harum
1253 224 1427 266 ordinem
1452 225 1567 265 valde

202 305 286 331 esse
314 295 549 344 corruptum,
578 305 600 332 e
628 293 767 345 quibus
793 293 1002 338 inQuaest.
1029 304 1125 331 rom.
1152 293 1211 342 (ut
1238 291 1287 330 de
1313 292 1373 332 his
1400 293 1566 345 primum

201 360 354 411 loquar)
382 371 660 411 nonnunquam
686 360 842 412 quidem
869 360 1091 399 coniunctas
1119 371 1203 399 esse
1238 360 1346 400 vides
1374 362 1566 412 quaestio-

199 440 269 466 nes
291 430 520 477 argumento
549 427 707 478 similes,
729 427 836 467 velut
861 430 1018 478 praeter
1044 427 1140 466 alias
1170 428 1310 478 10,11,
1340 429 1405 478 (12
1419 428 1479 478 ⁴⁵),
1503 429 1563 478 13,

201 495 262 541 14,
291 507 391 546 quae
420 494 469 533 de
492 506 601 533 more
630 497 752 545 agunt
778 494 914 545 capitis
939 494 1105 544 velandi,
1135 498 1174 534 et
1199 495 1403 533 109—113
1429 494 1481 533 ad
1495 495 1564 534 fla-

197 561 341 599 minem
376 561 519 600 dialem
553 564 792 612 spectantes,
828 560 925 599 alias
950 562 1057 600 velut
1095 562 1130 611 1,
1166 563 1203 611 2,
1231 563 1293 611 29,
1321 563 1383 612 30,
1412 563 1474 611 31,
1503 563 1564 612 65,

198 629 246 667 87
275 628 341 679 (de
368 628 447 667 ritu
473 628 713 681 nuptiarum)
744 651 789 656 -
819 628 881 678 40,
910 628 972 678 44,
1009 629 1084 678 50,
1123 629 1326 667 109-113
1364 629 1430 680 (de
1456 630 1564 668 flam-

195 696 300 735 mine
328 695 439 746 diali)
468 717 519 723 —
549 697 611 746 19,
648 697 698 734 84
740 695 805 745 (de
834 695 1100 747 chronologia)
1129 719 1178 725 —
1208 698 1269 745 72,
1304 698 1366 744 73,
1404 698 1465 747 78,
1502 698 1564 747 93,

196 763 245 801 99
282 762 349 814 (de
377 762 606 814 auguribus)
644 765 873 814 argumento
910 763 1122 803 arctissime
1158 763 1407 804 cohaerentes
1445 764 1564 804 collo-

196 830 348 870 catione
382 832 524 869 misere
553 842 639 869 esse
675 830 891 869 distractas.
945 830 1068 882 Atqui
1095 832 1179 882 quis
1213 832 1288 870 sibi
1313 832 1565 885 persuadebit

194 897 460 945 Plutarchum,
503 897 569 947 qui
595 896 658 935 De
688 897 894 936 mulierum
930 897 1061 936 virtut.
1099 910 1183 950 cap.
1223 899 1270 936 15
1285 899 1333 948 ⁴²⁸)
1369 900 1485 938 anxie
1522 912 1563 940 se

195 969 374 1014 excusat,
416 964 519 1016 quod
552 965 702 1003 nullum
737 968 886 1004 certum
912 965 1087 1004 ordinem
1127 966 1179 1004 sit
1205 970 1372 1016 secutus,
1397 967 1564 1006 eundem

193 1033 264 1072 has
288 1032 529 1085 quaestiones
546 1031 602 1070 ita
618 1030 756 1070 leviter
775 1032 962 1083 sparsisse
977 1031 1088 1084 quasi
1102 1043 1304 1084 corporum
1322 1032 1563 1085 quorundam

194 1101 346 1140 divulsa
369 1099 546 1139 membra
569 1103 716 1138 temere
742 1100 843 1138 inter
860 1112 903 1139 se
916 1100 1171 1139 miscentem?
1196 1100 1412 1139 Pristinum
1437 1101 1557 1152 igitur

194 1167 368 1207 ordinem
400 1167 433 1206 si
467 1166 671 1206 restituere
705 1166 928 1206 conabimur
964 1166 1084 1219 (quod
1108 1179 1186 1206 non
1218 1170 1277 1206 est
1311 1167 1426 1207 huius
1458 1167 1561 1218 loci),

194 1249 328 1276 omnes
354 1235 447 1273 illae
475 1233 741 1285 quaestiones,
777 1234 819 1272 in
855 1234 994 1286 quibus
1023 1236 1063 1273 δὲ
1097 1238 1165 1273 aut
1190 1235 1270 1273 iam
1297 1247 1400 1274 nunc
1432 1237 1563 1274 exstat

194 1306 262 1341 aut
288 1304 447 1353 propter
471 1301 622 1339 hiatum
647 1300 764 1339 debet
798 1300 903 1350 addi,
940 1300 1024 1339 aliis
1052 1304 1165 1340 erunt
1201 1300 1468 1341 adnectendae
1501 1314 1562 1340 ar-

192 1372 377 1421 gumento
405 1367 666 1408 consimilibus
679 1370 740 1416 ⁴⁷).

319 1519 375 1559 45)
398 1518 477 1548 hanc
499 1517 578 1548 enim
600 1516 778 1548 undecimae
800 1516 878 1548 sicut
893 1517 1075 1549 tricesimam
1096 1518 1230 1558 quintam
1247 1518 1418 1549 tricesimae
1435 1523 1561 1559 quartae

195 1576 348 1607 lenissima
371 1585 443 1605 ansa
465 1574 534 1605 data
555 1574 658 1604 assuit.

319 1660 376 1698 46)
399 1668 468 1699 pag.
499 1657 561 1690 253
593 1657 636 1689 cl'.
669 1657 731 1690 τοῖς
760 1655 798 1687 δὲ
828 1656 911 1687 καθ’
941 1655 1092 1695 ἑκάστην
1122 1656 1246 1698 α’ρετάς
1276 1656 1374 1692 ὅπως
1402 1656 1447 1689 ἄν
1479 1658 1559 1700 ἐπίῃ

195 1716 377 1758 σποραδην
396 1716 657 1758 ἀναγράψομεν
676 1713 779 1745 ου’δὲν
802 1713 965 1756 οἰόμενοι
990 1714 1050 1752 τῆς
1067 1715 1156 1745 κατὰ
1177 1715 1310 1756 χρόνον
1333 1713 1458 1753 ια’ξεως
1486 1714 1561 1746 δεῖ-

193 1777 282 1805 σθαι
307 1775 370 1813 τήν
393 1773 635 1815 ὑποκειμένην
661 1773 840 1814 ἱστορίανε
866 1776 1035 1812 temporum
1057 1771 1107 1803 ille
1130 1772 1206 1803 ordo
1236 1778 1283 1804 est
1303 1773 1334 1804 in
1355 1772 1558 1814 Apophtheg-

193 1832 280 1863 matis
302 1841 407 1872 regum
430 1836 460 1861 et
482 1831 601 1861 ducum.

319 1916 375 1956 47)
399 1914 572 1946 Cavendum
594 1914 645 1944 hic
667 1919 713 1944 est
734 1923 772 1944 ne
795 1923 899 1952 parum
920 1917 1063 1944 accurate
1083 1921 1176 1952 supra
1194 1912 1353 1952 scripsisse
1373 1913 1458 1943 dicar
1480 1921 1558 1944 con-

192 1972 320 2003 tendens
342 1973 372 2001 in
395 1981 454 2002 una
478 1971 600 2008 Quaest.
621 1980 698 2002 rom.
726 1970 782 2001 105
804 1980 871 2001 esse
895 1968 957 2000 διὰ
979 1971 1058 2000 τίνα
1082 1970 1214 2005 αἰτίαν,
1244 1978 1313 1999 cum
1335 1969 1408 2001 ibid.
1435 1968 1492 2000 112
1511 1969 1557 2000 le-

193 2035 282 2069 gatur
301 2028 363 2060 11ιοὶ
385 2031 465 2060 τίνα
488 2027 525 2059 δὲ
549 2030 669 2059 αἰτίαν
693 2025 774 2058 ου’δὲ
797 2028 930 2059 κιττοῦ.
974 2027 1013 2057 Et
1034 2026 1084 2057 hic
1104 2024 1225 2057 licuisse
1254 2026 1374 2067 quidem
1396 2025 1558 2057 Plutarcho

192 2086 327 2118 scribere
349 2085 411 2116 διὰ
434 2087 467 2116 τί
488 2083 609 2116 δὀυ’δὲ
631 2089 767 2125 apparet,
790 2083 844 2114 sed
865 2087 951 2115 recte
975 2093 1029 2115 cur
1049 2083 1206 2115 formulam
1228 2081 1289 2114 διὰ
1307 2084 1387 2114 τίνα
1405 2081 1558 2115 &ahtana

191 2144 242 2175 hic
263 2143 433 2174 adhibuerit
455 2143 596 2182 scriptor,
628 2143 668 2173 ita
691 2141 836 2181 expedire
859 2141 930 2172 mihi
951 2142 1074 2180 videor,
1104 2147 1138 2173 ut
1159 2151 1227 2173 eum
1254 2146 1285 2172 et
1315 2140 1432 2172 aurium
1459 2140 1557 2187 gratia

191 2200 253 2232 διὰ
276 2204 310 2232 τί
331 2199 456 2238 δὀὐδὲ,
480 2201 528 2231 cui
550 2199 731 2240 inelegantis
758 2198 861 2240 aliqua
881 2199 971 2238 inest,
994 2200 1139 2231 reiecisse
1158 2200 1264 2237 1111118111
1288 2202 1324 2229 'et
1343 2199 1380 2230 ad
1400 2198 1461 2229 vim
1483 2207 1557 2229 sen-

188 2260 302 2290 tentiae
333 2257 498 2290 addendam
527 2258 558 2288 in
587 2257 644 2288 hac
671 2257 860 2298 quaestione,
884 2266 963 2297 quae
989 2258 1122 2288 omnium
1155 2257 1194 2288 de
1217 2256 1337 2288 flamine
1358 2255 1430 2287 diali
1457 2265 1556 2297 agen-

190 2318 262 2348 tium
286 2325 394 2357 agmen
416 2315 533 2346 videtur
556 2313 711 2354 clausisse,
735 2313 854 2345 exiliori
876 2312 937 2345 &a
961 2315 995 2345 τί
1015 2312 1045 2346 δ’
1067 2314 1225 2352 formulae,
1253 2322 1331 2355 quae
1351 2313 1412 2344 inm
1433 2312 1554 2355 aliquo-

190 2376 511 2414 tiensrpraecesserat,
534 2371 653 2412 plenius
675 2377 834 2403 sonantem
854 2369 916 2403 διαῖ
937 2373 1017 2406 τίνα
1039 2370 1192 2405 δἀῑτίαν
1211 2370 1400 2412 praetulisse.
