1642 2813
829 125 876 162 14

166 221 323 272 legitur,
350 220 425 260 nisi
451 220 569 260 aliam
597 219 791 259 medelam
826 220 890 259 vel
923 218 1076 259 codices
1101 222 1325 272 praestant,
1359 217 1422 260 vel
1449 230 1535 257 sen-

166 288 291 327 tentia
317 285 574 338 commendat,
602 286 643 336 γὲ
669 286 901 339 particulam
925 290 1020 338 puto
1044 299 1130 326 esse
1148 285 1406 336 inserendam,
1435 298 1536 338 quae

167 355 391 407 ceteroquin
417 354 458 394 in
483 354 694 394 Plutarcho
722 353 954 394 creberrima
979 354 1153 406 inprimis
1181 357 1270 406 post
1292 353 1417 392 καίτοι
1444 352 1536 392 addi

167 422 280 461 solita
309 425 379 471 est,
407 422 488 460 sive
516 421 692 461 seiuncta
719 434 742 459 a
770 421 894 458 καίτοι
918 421 1120 459 interiecto
1158 433 1235 459 uno
1264 421 1435 458 alterove
1467 432 1535 457 vo-

169 488 306 528 cabulo
334 492 378 527 ut
413 490 494 528 930
532 488 655 526 καίτοι
682 489 748 527 τόν
773 502 813 538 γε
826 488 896 538 ³⁶),
936 487 1018 527 sive
1052 488 1267 540 particulae
1304 487 1425 525 καίτοι
1460 485 1536 538 ipsi

168 555 383 595 adhaerens
397 559 444 602 ³⁷)
482 569 645 608 quorum
675 557 845 594 locorum
873 568 1038 594 examen
1064 555 1097 594 si
1121 556 1232 594 lubet
1255 555 1472 593 institutum
1495 556 1534 591 te

169 622 343 673 docebit,
383 623 532 662 nullam
573 636 658 663 esse
694 624 795 662 inter
834 623 957 660 καίτοι
998 625 1037 661 et
1076 624 1237 671 καίτοιγε
1264 620 1533 669 differentiam,

171 703 289 742 quare
316 703 387 730 nec
414 691 554 730 mirum
580 703 697 742 saepe
723 691 899 730 librarios
934 694 967 738 γ’
994 689 1092 728 illud
1119 690 1293 729 omisisse
1321 688 1534 729 sententiae

167 771 246 798 non
271 758 543 798 necessarium.
599 758 661 797 De
688 758 880 810 particula
907 754 965 795 ὅτι
993 756 1086 809 quid
1111 757 1344 797 Benselerus
1370 756 1535 796 voluerit

165 829 374 875 statutum,
414 825 462 864 de
498 838 544 864 eo
580 828 710 877 potest
746 825 901 877 quidem
936 825 1104 876 ambigi,
1146 837 1233 865 cum
1271 825 1372 863 inter
1403 824 1533 862 hiatus

165 893 304 945 quibus
338 892 559 932 Consolatio
601 891 652 930 ad
686 891 938 944 Apollonium
973 894 1123 940 scateat
1160 891 1400 931 foedissimos
1441 902 1534 928 enu-

164 962 288 999 meret
316 957 374 997 ὅτι
401 955 537 1010 ἄῤῥεν,
567 957 625 996 ὅτι
651 957 686 1003 ὁ,
715 957 773 997 ὅτι
802 957 849 1008 οἱ,
875 961 1005 999 taceat
1029 959 1134 998 idem
1161 959 1209 998 de
1237 959 1320 997 aliis
1345 958 1459 1007 locis,
1493 957 1534 996 in

165 1026 304 1077 quibus
332 1024 393 1065 ὅτι
420 1029 511 1065 ante
537 1027 712 1065 vocalem
739 1030 808 1077 est,
833 1027 934 1066 raris
958 1027 1114 1079 quidem
1137 1026 1225 1076 illis,
1253 1026 1286 1065 si
1304 1025 1534 1076 scriptorum

165 1093 490 1133 Plutarcheorum
518 1094 741 1144 (Moralium
768 1095 868 1143 dico)
906 1095 1094 1133 ambitum
1119 1097 1291 1145 spectas,
1332 1092 1532 1131 crebriori-

164 1159 237 1199 bus
264 1164 408 1211 tamen,
437 1173 554 1212 quam
581 1161 646 1213 qui
674 1174 806 1200 omnes
818 1161 1071 1201 Benselerum
1094 1162 1134 1199 in
1157 1159 1381 1211 colligendis
1400 1171 1531 1198 exem-

162 1228 238 1279 plis
275 1228 369 1266 satis
397 1227 624 1279 diligentem
651 1229 801 1279 possint
827 1228 984 1280 fugisse.
1050 1228 1215 1280 Legitur
1241 1228 1343 1267 enim
1374 1229 1531 1279 praeter

162 1295 271 1334 5260
301 1293 358 1333 ὅτι
383 1293 598 1343 ἀκούοντες,
624 1308 696 1347 pro
725 1308 799 1347 quo
828 1296 933 1348 quod
958 1296 1285 1347 wyttenbachius
1314 1294 1530 1334 coniecerat

162 1358 219 1399 ἔτι
258 1357 459 1405 ἀκούοντες
497 1361 730 1401 Duebnerus
776 1362 817 1401 in
861 1362 1056 1402 codicibus
1095 1363 1294 1416 repperit,
1338 1374 1417 1401 non
1455 1360 1530 1401 nisi

148 1429 321 1499 Quaest.
348 1442 496 1468 roman.
523 1430 570 1467 65
591 1430 645 1481 (p.
665 1430 784 1479 279f)
809 1430 968 1480 πότερον
982 1429 1040 1469 ὅτι
1067 1431 1236 1477 αἰδεῖται,
1255 1431 1306 1469 84
1321 1431 1375 1481 (p.
1403 1429 1526 1479 2840)

148 1479 322 1546 πότερον
349 1496 408 1534 ὅτι
434 1493 456 1545 r‘
482 1499 522 1534 et
549 1496 708 1543 Quaest.
736 1510 866 1547 graec.
893 1499 942 1536 27
982 1498 1036 1550 (p.
1065 1499 1184 1548 2970)
1217 1494 1239 1547 ἢ
1275 1496 1335 1535 o‘n
1354 1498 1524 1545 Ὄχιμος,

161 1563 211 1600 45
241 1563 294 1614 (p.
324 1563 397 1600 301
415 1562 446 1611 f)
491 1559 549 1600 ὅτι
578 1561 784 1614 Ἡρακλῆς.
849 1563 972 1616 Atqui
1005 1562 1066 1601 ὁτι
1097 1577 1176 1603 non
1212 1564 1338 1603 solum
1364 1562 1523 1609 Quaest.

160 1642 256 1668 rom.
286 1630 334 1667 65
363 1632 403 1668 et
430 1630 480 1667 84
504 1642 619 1681 posse
647 1630 790 1681 optime
819 1630 941 1670 deleri
969 1631 1236 1682 quaestionum
1255 1632 1291 1682 6,
1321 1632 1380 1680 12,
1409 1631 1460 1669 20
1485 1631 1524 1669 et

157 1696 387 1748 praesertim
424 1697 467 1745 l,
507 1697 578 1745 30,
617 1697 689 1743 45,
725 1698 775 1735 46
802 1697 913 1736 initia
938 1700 976 1736 te
1004 1698 1208 1748 docebunt,
1245 1711 1379 1737 verum
1405 1697 1524 1736 etiam

160 1763 286 1802 videri
313 1763 471 1809 Quaest.
498 1776 627 1814 graec.
655 1765 704 1802 27
730 1777 753 1802 a
779 1764 945 1803 librariis
972 1777 1057 1805 esse
1093 1765 1269 1804 additum
1295 1777 1373 1804 non
1407 1777 1526 1816 nega-

162 1829 223 1869 bis
251 1830 436 1881 inspectis
464 1830 623 1874 Quaest.
651 1843 747 1869 rom.
779 1833 825 1869 15
839 1833 899 1882 3²³),
923 1834 987 1882 32,
1012 1833 1074 1882 57,
1107 1836 1151 1872 ut
1185 1833 1227 1872 in
1249 1833 1309 1871 his
1337 1832 1525 1884 exemplis

160 1896 384 1947 subsistam,
411 1909 497 1937 cum
524 1909 545 1936 e
573 1897 733 1944 Quaest.
759 1911 854 1938 rom.
882 1911 1009 1950 graec.
1037 1900 1205 1940 natural.
1241 1900 1409 1953 plurima
1435 1912 1524 1952 pos-

283 2031 344 2070 36)
368 2030 424 2064 err.
448 2031 547 2072 5162,
570 2032 630 2066 535
641 2033 670 2073 d,
692 2033 754 2066 559
763 2034 792 2074 b,
816 2033 877 2067 60⁴
887 2044 914 2074 ο,
936 2035 995 2067 961
1013 2046 1040 2067 a.

282 2120 341 2159 37)
365 2125 398 2150 ut
421 2121 516 2158 169f,
551 2121 643 2159 170f,
665 2122 771 2161 330c,
803 2123 894 2162 ΜΗ,
926 2124 1024 2161 4390,
1055 2113 1151 2162 4405,
1174 2125 1235 2157 516
1248 2135 1277 2163 e,
1299 2126 1398 2164 555e‚
1419 2125 1522 2164 810d,

159 2175 261 2213 921d,
285 2176 381 2215 92411,
409 2178 494 2210 9610
523 2178 589 2218 (ubi
612 2184 713 2210 tamen
742 2180 923 2212 Duebnerua
950 2182 1110 2221 pristinam
1139 2182 1299 2214 lectionem
1329 2185 1390 2213 καὶ
1422 2186 1523 2214 ταυτί

159 2242 199 2274 εγ
221 2233 300 2263 haud
322 2234 388 2264 scio
411 2243 449 2264 an
471 2240 556 2266 recte
577 2236 722 2275 restituit)
749 2238 827 2270 1049
837 2247 864 2277 c,
890 2238 1005 2278 10885,
1027 2241 1098 2270 item
1121 2241 1288 2282 μέντοιγε
1310 2240 1348 2271 51
1357 2250 1384 2273 a.

281 2318 339 2360 38)
361 2319 414 2351 ubi
435 2320 506 2361 quid
529 2321 585 2353 sibi
606 2322 678 2354 velit
698 2324 851 2356 Duebnsri
877 2323 898 2364 ’ἲ
918 2324 1005 2369 [ὅτι]
1026 2327 1205 2370 Ῥωμύλος
1226 2332 1344 2370 nescio,
1367 2324 1435 2364 uam
1461 2343 1522 2364 un·

156 2377 201 2407 cis
223 2376 280 2408 inis
310 2387 541 2419 „quaecumque
555 2379 584 2408 in
615 2380 771 2411 codicibus
795 2382 935 2413 Parisinis
959 2384 1007 2414 vel
1030 2386 1167 2417 omnibus
1191 2387 1239 2417 vel
1269 2388 1360 2419 bonis
1392 2390 1520 2430 quibus-

155 2441 286 2475 cumque
307 2443 370 2465 non
400 2434 561 2477 leguntur“
593 2441 623 2467 et
645 2447 742 2479 „quae
764 2439 897 2472 editores
920 2446 951 2473 ct
973 2447 1093 2475 veteres
1117 2449 1147 2475 et
1167 2445 1239 2476 novi
1265 2448 1414 2479 sententia
1436 2458 1520 2479 sum-
